2954 5134
275 292 339 356 540
390 308 437 354 ΟΕ
459 307 589 355 comen
612 307 789 355 VRBINATE
812 308 969 356 DIONYSII
989 308 1326 357 mameranussunsls.

276 461 443 543 exemplis,
467 460 552 524 bona
573 461 732 543 scriptura
754 460 820 543 peti
842 461 943 544 possit
958 483 1024 524 non
1039 461 1192 526 maiorem
1211 460 1296 525 fidem
1308 484 1381 545 quan

276 559 450 654 probabilis
479 571 679 634 coniecturae
708 570 841 634 habens.
886 570 964 634 Eius
986 570 1072 635 modi
1095 572 1156 635 hoe
1178 576 1226 636 est
1245 573 1276 636 in
1295 572 1383 634 solot

276 683 437 763 repertum
459 679 521 764 VI,
549 682 588 744 14
610 684 718 760 ςιγὴν
740 683 790 746 καὶ
812 681 930 759 κόςμον
953 682 1193 764 φυλάττοντας,
1216 681 1291 766 quod
1304 682 1382 744 nesci-

275 794 328 854 tur
350 791 433 854 unde
456 791 581 856 venerit
602 813 660 874 pro
683 793 864 871 φυλακὴν
886 793 936 855 καὶ
958 791 1075 870 κόςμον
1093 793 1314 872 φυλάττοντας.
1338 790 1383 852 Vel

275 900 310 963 in
338 900 448 966 eodem
476 900 557 964 libro
585 900 632 983 Il,
661 902 702 964 43
729 901 769 980 ἦν
797 903 832 966 δὲ
860 901 969 965 αὐτοῖς
997 902 1066 966 οὐκ
1095 902 1259 981 εὐπετὴς
1284 903 1301 980 ἡ
1323 902 1384 978 πρὸς

275 1013 335 1076 τὸν
357 1013 481 1091 χάρακα
502 1011 700 1090 ἀναχώρηςις
722 1032 779 1093 pro
801 1011 840 1089 ἦν
863 1013 898 1075 δὲ
921 1010 1030 1076 αὐτοῖς
1053 1012 1219 1092 εὐπετὴς
1239 1015 1298 1076 κτλ.
1332 1009 1383 1074 Nisi

275 1120 358 1184 forte
390 1121 425 1184 in
459 1120 651 1184 conferendo
684 1124 713 1181 B
746 1120 865 1204 aliquid
895 1122 1155 1204 praetermissum
1188 1126 1244 1185 est.
1292 1121 1384 1184 Venun

275 1252 367 1314 quem
385 1230 423 1293 ad
440 1230 567 1293 modum
590 1230 640 1293 vel
655 1229 826 1294 deterrimo
841 1229 945 1314 Regio
966 1232 1021 1316 (D)
1039 1253 1135 1315 aegre
1151 1253 1317 1311 careamus,
1329 1251 1385 1313 quo-

275 1339 362 1403 niam
384 1339 461 1404 hine
488 1343 630 1423 tantum,
661 1339 736 1423 quid
764 1340 798 1403 in
826 1340 1003 1423 prinoipem
1033 1341 1205 1430 editionem
1234 1342 1285 1424 (P)
1311 1361 1385 1402 ems.

275 1451 435 1533 exemplo,
471 1449 547 1533 quid
574 1434 613 1512 ex
642 1449 798 1532 Stephani
826 1450 959 1534 ingenio
986 1450 1167 1532 transierit,
1201 1430 1323 1513 iudicari
1348 1470 1387 1530 po

275 1563 353 1624 test:
375 1561 422 1623 ita
437 1560 574 1622 similem
589 1582 680 1622 usum
702 1560 819 1623 habere
835 1559 1065 1624 (loislinianum
1082 1560 1298 1643 comperimus.
1324 1557 1387 1621 Nau

275 1691 355 1753 quae
376 1670 506 1753 propriu
528 1669 800 1749 suntVrbinatis,
827 1691 897 1732 oum
919 1669 1038 1751 partim
1060 1692 1077 1733 e
1098 1669 1199 1733 fontis
1219 1668 1387 1744 diversata

275 1779 392 1863 partim
422 1801 438 1842 e
466 1778 674 1863 neglegentia
701 1779 752 1842 vel
773 1778 905 1842 lieentia
927 1799 995 1843 esse
1023 1778 1196 1862 repetenda
1225 1775 1389 1842 intellexeri-

274 1912 359 1970 mus,
394 1889 471 1952 illud
504 1888 631 1972 quidem
663 1910 765 1972 genus
793 1888 889 1952 etium
917 1889 957 1952 ad
987 1893 1010 1952 C
1035 1887 1196 1973 pertinere
1226 1889 1316 1969 solet,
1343 1885 1388 1948 liu·

275 2003 382 2063 autem
411 1999 495 2062 idem
524 1999 606 2062 liber
635 2021 706 2061 oum
737 2003 766 2060 B
799 2021 999 2083 nequaquam
1033 2002 1219 2062 constanter
1250 2015 1390 2062 commune

274 2109 382 2174 habet.
421 2109 490 2184 Quo
512 2110 549 2171 fit
570 2112 606 2171 ut
628 2130 693 2172 non
716 2130 789 2172 raro
811 2108 881 2192 ipse
904 2107 1092 2174 Coisliniuni
1115 2108 1233 2173 eodiois
1255 2108 1391 2172 dissensus

275 2220 437 2284 commode
460 2219 631 2282 admoneat
653 2218 691 2281 de
714 2222 862 2303 suspect-a
884 2219 945 2282 fide
968 2219 1179 2304 singularium
1201 2220 1236 2284 in
1257 2223 1285 2281 B
1304 2216 1391 2281 leet-io

274 2353 361 2395 num.
407 2329 475 2412 Sic,
499 2333 535 2392 ut
557 2351 575 2392 e
598 2329 742 2393 centenis
765 2353 862 2394 unum
886 2350 1145 2413 commemorem,
1169 2330 1285 2393 nulllus
1306 2330 1390 2390 aucto

274 2440 379 2504 nitatis
402 2441 453 2503 vel
475 2439 695 2503 reconditioris
718 2439 852 2503 rationis
874 2461 943 2502 esse
965 2440 1142 2504 solitarium
1166 2439 1243 2503 illud
1266 2439 1298 2502 in
1317 2441 1343 2500 B
1360 2433 1391 2512 l',

275 2551 316 2615 75
344 2551 571 2631 ςυγγράφω,
601 2549 677 2612 hino
706 2549 815 2612 statim
842 2550 1050 2633 perspicitur,
1084 2549 1166 2633 quod
1195 2571 1266 2613 eum
1292 2551 1318 2610 B
1342 2565 1391 2608 non

275 2660 478 2723 consentiens
502 2665 526 2722 C
545 2658 630 2721 idem
651 2661 788 2721 testatur
810 2659 893 2742 quod
914 2662 963 2722 est
984 2659 1019 2722 in
1042 2659 1171 2743 reliquis
1200 2659 1289 2722 libris
1314 2657 1391 2721 ἀπο·

273 2771 525 2850 οειχθήςεται.
575 2768 782 2851 Eandemque
808 2790 954 2832 normam
981 2768 1157 2832 transferre
1185 2769 1226 2832 ad
1253 2770 1392 2832 lacunas

273 2879 487 2944 Vrbinatis
511 2877 628 2942 codicis
651 2877 736 2941 lieet.
781 2878 842 2953 Qui
871 2900 941 2942 cum
965 2878 1086 2942 omittit
1113 2899 1194 2960 quae
1217 2899 1281 2943 non
1301 2877 1332 2940 in
1352 2877 1394 2937 lu

273 2993 416 3071 tantmn,
449 2989 502 3052 sed
536 2989 569 3051 in
598 2993 623 3052 C
653 3009 775 3071 quoque
803 2988 970 3072 leguntur,
1002 2988 1063 3052 hoo
1093 2988 1199 3071 ipsum
1227 2987 1338 3052 indicio
1356 2987 1392 3044 at

274 3098 453 3161 omissionis
482 3119 625 3160 caussam
653 3119 717 3160 non
747 3119 814 3161 esse
848 3098 882 3162 iu
916 3098 1092 3162 communis
1120 3097 1314 3162 Uoisliniano
1338 3113 1393 3157 oum

273 3208 430 3272 Vrbinate
458 3207 557 3271 fontis
585 3207 691 3270 indole
720 3210 949 3291 quaerendum,
978 3207 1033 3271 sed
1060 3207 1160 3291 ipsius
1189 3205 1324 3286 librarii,
1353 3199 1393 3286 qui

223 3331 256 3378 25
274 3318 464 3382 Vrbinatenr
487 3317 631 3400 scripsit,
655 3317 811 3380 incuriam
828 3317 1029 3401 culpandam.
1068 3317 1164 3382 Cuius
1187 3316 1324 3380 incuriae
1344 3333 1393 3376 nou

275 3449 377 3511 pauca
400 3428 545 3510 exempla
574 3430 700 3509 praesto
722 3430 811 3509 sunt,
842 3428 929 3490 velut
956 3427 1081 3508 euml,
1108 3428 1145 3490 11
1175 3430 1242 3490 tres
1268 3419 1393 3489 versiculi
1466 3425 1467 3466 ³

274 3538 460 3602 exciderunt
483 3559 501 3600 a
524 3537 628 3600 verbis
651 3539 700 3600 καὶ
722 3538 803 3600 Διὸς
828 3537 872 3600 ὡς
896 3537 1081 3613 λέγεταικαὶ
1108 3537 1229 3602 τούτου
1256 3539 1290 3601 δὲ
1311 3533 1394 3598 Οἷνιο

273 3670 365 3727 τρος,
388 3647 439 3710 vel
461 3649 592 3729 propter
606 3645 882 3709 homoeoteleuton
904 3646 935 3729 l,
959 3648 1002 3711 50
1024 3649 1104 3710 extr.
1121 3647 1179 3711 illa
1201 3645 1330 3725 πληςίοιι
1348 3643 1394 3705 τοὺ

274 3761 385 3837 μικροῦ
408 3757 447 3820 ad
471 3757 663 3838 λεγόμενον,
688 3755 737 3818 vel
761 3777 787 3818 ο.
806 3757 845 3818 78
868 3758 1001 3835 καὶγὰρ
1024 3758 1106 3835 ὁμοῦ
1127 3779 1156 3822 τι
1179 3756 1221 3819 ad
1242 3752 1394 3834 παρεδίδου
1465 3763 1466 3802 1

274 3870 323 3940 δὲ,
347 3866 396 3929 vel
419 3866 468 3948 ΙΙ,
491 3867 532 3929 28
555 3870 622 3930 τοῖς
645 3868 815 3930 πολιτικοῖς
838 3867 983 3947 πλήθεςι,
1007 3866 1057 3929 vel
1080 3865 1181 3948 IV,9
1203 3867 1279 3931 δςον
1302 3865 1334 3928 ἐκ
1352 3863 1394 3934 τῆ(

274 3981 382 4056 κοινῆς
404 3977 557 4042 ἁπάντων
580 3976 741 4056 βοηθείας,
765 3974 889 4058 aliaque
904 3975 944 4037 'id
965 3996 1067 4059 genus
1090 3975 1261 4059 complura.
