2954 5134
335 370 599 420 cnonouoorvn
622 370 904 422 vrunonounuse.
987 427 989 432 ,
1129 358 1191 423 561

75 529 128 589 tem
152 525 288 590 relictum
315 546 384 589 esse
412 524 531 590 senties
563 524 704 590 nondum
735 523 862 590 aliunde
896 525 1070 610 cognitam.
1121 526 1191 592 Nisi

74 636 181 718 quidem
201 635 260 700 hoc
286 635 320 699 in
342 656 460 720 genere
482 635 638 720 quaedem
660 639 804 700 nostram
829 637 895 699 sive
917 636 1102 701 memoriam
1126 637 1192 700 sivo

73 745 251 830 diligentiam
277 745 438 830 fugerint:
467 745 549 829 qnod
579 743 795 830 intellegimus
817 767 913 830 quam
934 745 1030 832 facile
1052 747 1193 830 potuerit

73 854 205 920 accidere.
255 855 403 921 Ceterum
430 855 588 920 noluimus
623 855 819 941 corrigendis
850 855 901 920 vel
929 857 1115 920 accentibus
1142 857 1192 920 vel

71 964 302 1052 interpungendi
324 965 409 1030 notis
431 987 500 1030 esse
521 965 633 1049 putidi.

140 1076 240 1140 Missis
263 1075 363 1162 igitur
384 1096 486 1158 nnnc,
511 1097 591 1160 quoe
613 1075 647 1140 in
671 1075 740 1160 ipso
762 1076 856 1142 initio
878 1077 983 1161 posita
1004 1079 1080 1141 sunt
1102 1076 1192 1142 Orio-

71 1184 124 1263 nis,
149 1185 175 1249 si
198 1186 307 1264 modo,
336 1186 506 1250 sententiis
528 1186 669 1250 ordimur
692 1209 710 1250 a
733 1208 763 1262 v.
785 1187 805 1250 4
833 1187 872 1252 ol
898 1187 1033 1272 νόμοι]
1057 1185 1193 1252 Zoleuco

70 1294 118 1360 hoc
138 1295 372 1381 apophthegmn
393 1296 545 1361 tribuitur
567 1319 586 1360 e
609 1297 747 1362 Stobneo
769 1297 869 1362 Serm.
886 1295 985 1380 XLV,
1007 1298 1059 1380 25,
1084 1297 1193 1362 Soloni

69 1427 84 1466 s
101 1404 233 1492 Diogene
256 1406 385 1472 Laertio
407 1407 434 1491 Ι,
449 1407 504 1488 58,
526 1387 741 1472 Aneclrsrsidi
756 1429 775 1471 n
792 1407 966 1472 Plutarcho
988 1407 1022 1473 in
1044 1408 1111 1472 vitu
1126 1408 1190 1474 Sol.

69 1515 121 1580 cd
139 1520 169 1580 et
189 1517 319 1582 Valerio
339 1516 480 1582 Monimo
496 1516 575 1600 VH,
596 1517 627 1596 2,
652 1519 700 1582 11.
746 1517 847 1582 Multo
869 1521 977 1582 eutem
998 1537 1094 1602 quern
1123 1517 1192 1582 Sto-

69 1625 151 1690 beeus
171 1627 367 1693 contractius
389 1627 502 1712 reliqui
525 1627 677 1712 efferunt3
701 1627 741 1692 ad
758 1627 940 1712 Stobeeum,
964 1629 1016 1712 qui
1040 1627 1074 1692 in
1097 1628 1192 1694 levio·

66 1735 140 1800 ribus
158 1741 286 1804 tontum
312 1761 331 1802 u
353 1737 471 1802 nostrie
494 1737 669 1822 discrepet,
698 1739 828 1823 propius
856 1737 1013 1803 accedunt
1036 1737 1192 1804 Gnomica

67 1843 250 1912 Boissonadii
274 1847 397 1914 Anecd.
420 1847 469 1912 111
491 1871 523 1932 p.
539 1848 613 1914 473.
659 1847 807 1933 Corriges
830 1853 937 1914 nutem
959 1850 1008 1915 rol
1029 1850 1092 1930 γὰρ
1113 1850 1192 1916 ἐκεί-

66 1975 123 2021 ναιι
143 1957 197 2024 ἐὰν
219 1957 307 2043 (μὲν)
330 1959 448 2044 ἐμπέεῃ
472 1961 504 2022 et
525 1979 599 2023 mox
620 1959 679 2027 ἐὰν
700 1960 736 2024 δὲ
758 1960 850 2040 εφήξ.

137 2069 152 2132 7
182 2073 325 2150 κρεῑειον
354 2069 477 2154 ἰεχνὸν]
505 2067 545 2132 Ιιι
567 2067 700 2134 Gnomis
729 2069 880 2134 miscellie
908 2069 950 2134 ab
971 2068 1098 2134 Welzio
1121 2091 1192 2134 cum

65 2175 185 2242 Areenio
206 2178 303 2244 editis
325 2201 357 2263 p.
379 2178 454 2261 496,
478 2178 532 2242 ubi
554 2177 668 2244 vitiose
690 2179 829 2261 lcxupdv.

135 2287 153 2352 9
179 2289 210 2355 οἱ
236 2291 297 2369 μὲν
319 2288 437 2378 ταχεῖς]
461 2288 521 2353 Est
543 2289 629 2354 inter
650 2289 832 2372 Demophili
854 2273 971 2372 Ὅμοια
993 2313 1026 2374 p.
1049 2289 1069 2354 6
1091 2289 1153 2354 vol.
1175 2291 1190 2354 l

65 2395 147 2462 Orell.
173 2398 269 2464 Vnde
297 2399 521 2485 corrigendum
547 2403 674 2480 τραχεῖ(
699 2400 794 2466 ἵπποι
821 2401 1084 2480 ε1ὀξεῐεθυμοί.
1129 2399 1190 2466 Sed

63 2529 130 2588 quoe
150 2531 220 2574 cum
242 2509 296 2574 his
319 2510 505 2575 conluenmt
527 2509 644 2594 elapsis
660 2511 848 2595 quibusdam
863 2510 991 2594 mediis,
1016 2510 1191 2588 &verenice

62 2617 109 2694 μὲν
128 2625 233 2700 κτῆμα,
258 2621 321 2701 οὐχ
342 2621 402 2700 ἡδὺ
425 2621 472 2698 δέ,
494 2619 535 2684 sd
555 2641 673 2685 novom
690 2621 855 2705 pertinent
873 2621 1078 2704 sententiam,
1103 2620 1191 2686 cuius

62 2727 167 2813 relique
188 2753 266 2816 pars
285 2730 464 2796 intercidit.

135 2841 264 2908 111(ον
287 2841 366 2925 ἔχει]
389 2839 597 2906 Demostheni
620 2841 733 2906 tribuit
748 2841 904 2906 Arrenius
926 2864 958 2926 p.
982 2841 1053 2924 189,
1076 2841 1190 2906 Demo-

63 2947 145 3032 crito,
167 2951 222 3015 sed
245 2949 322 3016 huic
345 2973 416 3015 oum
438 2951 620 3017 secessione
643 2952 765 3036 aliquo,
778 2942 873 3016 ¹idem
894 2975 925 3037 p.
952 2951 1011 3016 193
1034 2954 1067 3015 et
1088 2951 1190 3016 Maxi-

61 3077 118 3121 mus
138 3059 341 3126 Antoniusne
369 3061 468 3126 Serm.
493 3059 599 3126 LVIIl
620 3083 652 3145 p.
676 3061 732 3144 95,
758 3065 795 3126 11
826 3062 901 3128 edit.
931 3062 1040 3126 nurel.
1064 3061 1189 3127 Allobr.

61 3185 84 3229 a.
98 3165 288 3242 clement.
320 3171 460 3236 Dimidia
479 3175 572 3256 perte
594 3171 776 3236 mutilatum
791 3171 826 3237 in
842 3172 975 3237 Gnomis
991 3171 1190 3256 Sapientium

61 3278 131 3359 apud
156 3279 403 3346 Boissonudium
431 3281 554 3346 Aneod.
582 3281 598 3346 1
625 3305 657 3366 p.
689 3282 748 3346 131
777 3285 809 3346 et
838 3282 873 3346 in
902 3283 971 3348 cod.
1000 3281 1076 3348 Vnt.
1106 3281 1190 3367 opud

60 3383 204 3454 Welzium
226 3391 326 3456 Rhet.
351 3413 399 3478 gr.
423 3391 438 3455 Ι
461 3413 493 3476 p.
517 3391 590 3475 442,
614 3391 669 3454 nbi
692 3391 876 3456 Aristotelis
897 3392 1009 3457 fertur.

132 3501 170 3564 12
196 3503 257 3568 τὸν
280 3501 513 3581 εὐεργετοῦντά
538 3503 586 3586 ιε]
609 3500 676 3566 Nili
704 3502 873 3588 (episcopi)
902 3525 969 3566 osse
998 3503 1064 3566 sive
1090 3501 1190 3566 Maxi·

59 3623 118 3672 nus
137 3609 201 3676 sive
230 3610 396 3676 Antonius
424 3613 504 3694 (non
534 3615 639 3696 potest
662 3611 745 3676 enim
770 3613 830 3676 hoc
852 3635 890 3676 cx
913 3633 951 3675 en
978 3634 1041 3696 qua
1070 3612 1118 3676 usi
1140 3633 1189 3677 su·

59 3735 116 3782 mus
136 3719 277 3786 editione
301 3722 464 3806 cognosci)
491 3725 629 3786 testetur
650 3744 682 3806 p.
706 3723 758 3805 94,
782 3723 833 3788 53.

132 3830 170 3894 14
190 3836 260 3898 τῶν
283 3832 521 3916 εὐτυχούντων]
555 3831 737 3896 Aristotelis
769 3835 851 3896 teste
884 3833 1022 3897 Arsenio
1054 3855 1086 3916 p.
1118 3835 1186 3898 122.

58 3935 183 4016 [φθόνοι
205 3963 266 4025 pro
287 3942 308 4007 ὁ
330 3942 455 4023 φθόνοι
477 3940 656 4006 Meinekius
678 3965 709 4026 p.
726 3943 799 4026 291,
822 3943 844 4006 2
866 3945 995 4008 auctore
1017 3941 1186 4032 Numisio]

131 4049 170 4114 15
200 4049 330 4138 noterit]
354 4050 414 4116 Est
445 4051 531 4116 inter
562 4051 764 4118 Democratis
797 4052 847 4118 vel
878 4054 983 4137 potius
1011 4051 1188 4118 Democriti

58 4155 168 4224 Aureus
183 4161 363 4225 sententies
385 4184 416 4245 p.
433 4159 476 4226 84
495 4161 593 4226 Orell.
616 4161 760 4227 nollet
781 4163 816 4227 in
836 4163 1002 4248 ferragine
1017 4160 1188 4227 Welzionn

58 4286 84 4345 p.
102 4269 172 4334 499.

132 4379 170 4445 16
191 4382 385 4468 εὐγνώμων]
408 4382 583 4448 Democriti
605 4383 690 4467 opud
712 4381 801 4450 Stob.
818 4381 923 4468 XVII,
939 4381 992 4470 26,
1015 4384 1099 4450 unde
1121 4406 1187 4450 sus-
