2954 5134
448 411 495 459 nu
518 410 588 458 orso
612 411 656 458 nr
679 409 820 459 carons.
1142 395 1205 458 595

77 563 226 646 daemoni,
260 561 441 646 Methodio,
476 561 646 646 Nicanori,
685 563 834 648 Origeni,
873 561 1066 646 Philopono,
1101 560 1205 626 Ptole-

76 695 171 756 maeo,
195 672 342 756 Seleuco,
367 673 496 758 Sergio,
521 673 661 755 Socrati,
685 673 900 757 'theognosto
917 709 959 720 -
980 670 1075 736 Nunc
1098 675 1205 736 autem

76 783 121 847 ubi
140 783 199 848 hoc
220 783 361 867 spatium
383 781 504 847 emensi
527 805 633 847 sumus
655 804 714 866 pro
736 783 819 846 virili
842 785 950 866 parte,
979 781 1086 865 placet
1107 782 1206 866 respi-

77 914 151 976 cere,
174 893 265 957 nobis
288 893 409 976 priores
424 891 580 978 philologi
602 893 677 977 quid
700 893 739 956 de
760 891 817 958 Ori
840 895 946 955 aetate
968 891 1129 975 opinando
1152 913 1205 976 po

76 1003 131 1066 tius
151 1003 309 1067 senserint
331 1023 426 1086 quam
450 1002 625 1068 iudicarint
646 1003 848 1086 disputando.
882 1001 910 1066 le
933 1002 1045 1086 quibus
1067 1002 1204 1085 primurn

77 1113 291 1176 collaudandus
327 1113 420 1177 uobis
456 1113 546 1177 venit
582 1112 809 1196 Ruhnkenius,
849 1112 998 1196 antiquos
1035 1115 1067 1176 et
1103 1112 1205 1176 claros

77 1223 289 1304 grammaticos
312 1223 413 1287 Orum
435 1222 545 1287 dicens
568 1227 599 1287 et
615 1221 796 1288 Draconem
811 1222 1084 1288 Stratonicensem
1100 1221 1203 1306 Epist.

78 1331 140 1394 crit.
155 1331 186 1395 ll
200 1354 231 1415 p.
248 1333 312 1396 229
334 1355 398 1417 sqq
421 1333 536 1396 deinde
558 1332 860 1416 praetermittendus
883 1331 1095 1398 Schneiderus
1111 1331 1204 1414 Saxo,

78 1441 221 1506 incertam
248 1443 414 1526 utriusque
443 1447 583 1507 aetatem
610 1443 752 1508 obiciens
774 1441 875 1528 praef.
900 1442 933 1506 iu
959 1443 1078 1526 Orphei
1102 1443 1206 1526 Argo-

78 1556 157 1616 naat.
179 1575 208 1636 p.
230 1551 324 1634 xvh
347 1551 612 1637 perstringendus
635 1557 741 1616 autem
764 1551 925 1616 Amadeus
946 1551 1124 1636 PeyronuS,
1151 1573 1206 1635 pa-

79 1681 141 1724 rurn
162 1662 187 1725 is
203 1662 378 1726 honorifice
400 1662 440 1726 de
456 1663 520 1727 Oro
542 1663 684 1727 sentiens
700 1661 820 1727 Adnot.
845 1663 879 1726 in
900 1661 1008 1747 Etym.
1025 1661 1069 1728 M.
1087 1683 1116 1746 p.
1132 1662 1204 1744 999,

78 1774 109 1832 ut
128 1773 202 1836 edeo
224 1767 442 1837 Christianum
461 1779 704 1854 prommotialam
727 1793 862 1858 arguere
883 1795 949 1838 nou
970 1777 1127 1842 vereatur.

151 1931 222 1998 lion
251 1933 390 1998 defuisse
419 1937 526 1998 autem
553 1935 634 2015 Oro,
670 1931 847 1998 Herodiaui
874 1932 921 2000 illi
949 1937 985 1998 ut
1011 1934 1152 1998 videmus
1175 1939 1207 1998 et

76 2039 239 2126 Phrynichi
267 2045 302 2108 in
331 2044 425 2107 rebus
454 2045 675 2130 grammaticis
709 2043 906 2128 adversarie,
944 2065 1016 2108 suos
1049 2044 1102 2128 qui
1136 2066 1207 2107 cum

75 2151 138 2234 ipso
159 2158 281 2218 starent
303 2156 494 2238 sectatores,
524 2176 562 2218 ex
585 2153 801 2239 Etymologiei
830 2155 874 2219 M.
898 2177 930 2237 p.
953 2155 1012 2238 43,
1034 2153 1076 2217 42
1102 2153 1207 2218 verbis

75 2260 263 2348 intellegitur
293 2263 324 2328 oi
351 2265 387 2330 δὲ
414 2266 487 2345 περὶ
513 2263 614 2345 Ὦρον
643 2267 790 2343 λέγουειν
819 2287 846 2328 e.
870 2287 901 2348 q.
925 2264 991 2350 s.*)
1034 2262 1109 2330 Non
1136 2265 1207 2328 uni·

75 2391 157 2435 verse
177 2372 318 2456 laudari,
347 2373 402 2438 sed
424 2377 555 2458 propter
583 2397 682 2438 unum
703 2373 861 2458 quoddam
883 2377 1090 2458 pracceptum
1123 2395 1207 2438 com-

74 2483 208 2548 mendari
235 2487 327 2568 patet
355 2482 442 2548 hisce
469 2505 501 2566 p.
530 2483 608 2568 663,
636 2485 678 2548 48
706 2485 733 2568 ᾧ
766 2487 888 2566 μᾶλλον
920 2483 1075 2549 πειετέον.
1124 2481 1207 2546 Leve

75 2593 134 2674 est,
161 2593 214 2656 sed
242 2615 308 2658 nou
339 2593 604 2678 praetereundum
632 2599 758 2676 tamen,
786 2593 869 2678 quod
897 2593 976 2658 adeo
998 2615 1056 2657 usu
1078 2595 1111 2657 et
1133 2615 1206 2657 con-

74 2701 231 2766 suetudine
252 2703 365 2768 tritum
393 2703 584 2788 quibusdam
611 2703 830 2788 grammaticis
858 2703 982 2767 videtur
1004 2703 1059 2767 Ori
1090 2725 1206 2767 nomen

75 2808 180 2894 fuisse,
210 2817 246 2877 ut
273 2814 308 2878 in
336 2813 480 2896 exemplo
508 2817 679 2896 poneretur
707 2811 888 2877 illustrandi
915 2812 976 2876 loci
1005 2813 1206 2897 grammatici

75 2941 180 2984 caussa
201 2923 303 2988 facto:
333 2946 362 2987 v.
386 2921 494 3007 Etym.
524 2923 569 2987 M.
592 2946 624 3006 p.
650 2923 723 3003 759,
744 2923 802 2988 26:
829 2926 923 3003 δηλοῖ
944 2925 980 2989 δὲ
1002 2923 1054 3008 (τὸ
1081 2923 1134 3007 τί)
1156 2923 1206 2988 καὶ

72 3034 270 3110 θαυμαιτικὸν
299 3033 470 3116 ἐπίρρημα,
502 3033 546 3098 ὡ(
574 3035 610 3100 ἐν
637 3039 683 3120 τῷ
713 3033 746 3099 τί
778 3033 897 3114 Ὦροε
924 3033 1115 3104 αἰτιᾶται;
1148 3030 1206 3096 Oui

75 3141 203 3206 conferri
225 3142 344 3208 similes
367 3143 452 3206 lusus
476 3141 639 3226 Apollonii
668 3147 802 3226 possunt
829 3143 916 3208 velut
943 3141 982 3206 de
1011 3142 1206 3206 coniunctio-

73 3249 161 3316 nibus
186 3275 218 3336 p.
240 3253 304 3318 482
330 3275 399 3338 sqq.
428 3253 502 3318 493.
531 3253 604 3318 497.
633 3253 713 3335 511,
741 3252 780 3317 de
810 3253 968 3316 adverbiis
996 3276 1028 3336 p.
1051 3253 1115 3318 529
1137 3275 1205 3338 sqq.

70 3359 141 3442 540,
162 3361 224 3426 nisi
245 3361 329 3446 quod
351 3385 416 3427 uon
438 3362 568 3426 honoris
591 3383 703 3426 caussa
726 3362 808 3426 Orus
831 3363 1025 3445 nominatur,
1049 3384 1142 3447 quem
1164 3362 1204 3426 ad
1224 3377 1255 3426 13

72 3469 192 3534 modum
223 3471 369 3558 Trypho,
407 3471 596 3556 Dionysius,
634 3472 856 3556 Aristarchus,
893 3472 1129 3556 Aristophanes
1164 3473 1206 3538 ab

72 3577 300 3670 Apollonio.**)

152 3851 243 3922 ‘isDe
261 3853 314 3910 hoe
332 3851 463 3910 fefellisse
487 3853 645 3924 opinionem
668 3855 821 3911 luculenter
841 3853 937 3911 docuit
953 3855 1115 3912 Lehrsius
1139 3861 1205 3913 Cen·

69 3957 150 3998 smne
170 3963 196 4015 p.
220 3953 270 4002 45³
293 3965 348 4016 sq,
375 3947 444 4002 nihl
470 3947 545 4002 aliud
575 3947 628 4002 nisi
657 3967 741 4003 unum
770 3949 856 4002 Orum
882 3950 972 4018 ipsum
1004 3949 1056 4004 tali
1088 3951 1207 4006 formula

69 4035 216 4102 significari
237 4042 318 4094 tante
336 4039 479 4094 doctrinae
497 4041 625 4096 ubertate
643 4039 852 4110 demonstrans,
874 4045 905 4096 ut
927 4047 1024 4096 contra
1047 4043 1143 4096 sentiri
1160 4061 1206 4098 ne·

68 4133 161 4194 queat.
196 4131 342 4202 singulare
360 4135 405 4188 est
427 4133 501 4201 quod
523 4134 552 4188 in
575 4134 686 4189 scholiis
710 4133 804 4190 Iliadis
830 4135 850 4189 Β
874 4143 923 4190 523
946 4137 1047 4190 exstat:
1072 4139 1088 4190 ὁ
1113 4139 1206 4192 'Acra-

67 4222 188 4291 λωνΙτη(
206 4229 249 4280 καὶ
268 4226 377 4294 οἱπερὶ
397 4225 568 4308 ’Alctlmvod

154 4341 177 4408 ‘)
199 4341 248 4412 [De
266 4345 319 4399 hoc
336 4361 438 4414 genere
457 4349 486 4399 et
503 4345 633 4400 affinibus
650 4348 710 4400 tam
727 4347 803 4402 lectu
819 4345 939 4402 iucunda
961 4363 1045 4416 quam
1063 4349 1207 4406 intellectu

66 4431 151 4486 utilia
166 4433 323 4492 Lehrsius
342 4437 480 4494 Censores
497 4456 525 4508 p.
543 4443 594 4494 454
612 4456 653 4507 sq.
672 4439 839 4510 explicavit]

937 4527 1003 4592 38*
