<?xml version="1.0" encoding="UTF-8"?>
<!DOCTYPE html PUBLIC "-//W3C//DTD XHTML 1.0 Transitional//EN"
    "http://www.w3.org/TR/xhtml1/DTD/xhtml1-transitional.dtd">
<html xmlns="http://www.w3.org/1999/xhtml" xml:lang="en" lang="en">
 <head>
  <title>
</title>
<meta http-equiv="Content-Type" content="text/html;charset=utf-8" />
  <meta name='ocr-system' content='tesseract 3.04.00' />
  <meta name='ocr-capabilities' content='ocr_page ocr_carea ocr_par ocr_line ocrx_word'/>
</head>
<body>
  <div class='ocr_page' id='page_1' title='image "./fridericiritsch04ritsgoog_0545.png"; bbox 0 0 2952 5132; ppageno 0'>
   <div class='ocr_carea' id='block_1_1' title="bbox 258 321 1024 385">
    <p class='ocr_par' dir='ltr' id='par_1_1' title="bbox 258 321 1024 385">
     <span class='ocr_line' id='line_1_1' title="bbox 258 321 1024 385; baseline -0.02 -1"><span class='ocrx_word' id='word_1_1' title='bbox 258 321 320 385; x_wconf 85' lang='lat'><strong>518</strong></span> <span class='ocrx_word' id='word_1_2' title='bbox 625 330 672 376; x_wconf 83' lang='lat' dir='ltr'><strong>na</strong></span> <span class='ocrx_word' id='word_1_3' title='bbox 696 327 824 375; x_wconf 80' lang='lat' dir='ltr'><strong>conica</strong></span> <span class='ocrx_word' id='word_1_4' title='bbox 847 323 1024 372; x_wconf 75' lang='grc'><strong>1110111110</strong></span> 
     </span>
    </p>
   </div>
   <div class='ocr_carea' id='block_1_2' title="bbox 258 477 1386 1988">
    <p class='ocr_par' dir='ltr' id='par_1_2' title="bbox 258 477 1386 1988">
     <span class='ocr_line' id='line_1_2' title="bbox 259 477 1374 566; baseline -0.007 -16"><span class='ocrx_word' id='word_1_5' title='bbox 259 486 372 550; x_wconf 86' lang='lat' dir='ltr'><strong>stratio</strong></span> <span class='ocrx_word' id='word_1_6' title='bbox 402 507 473 548; x_wconf 92' lang='lat' dir='ltr'><strong>cum</strong></span> <span class='ocrx_word' id='word_1_7' title='bbox 500 483 692 566; x_wconf 87' lang='lat' dir='ltr'><strong>reliquorum</strong></span> <span class='ocrx_word' id='word_1_8' title='bbox 720 479 891 560; x_wconf 89' lang='lat' dir='ltr'><strong>librorum,</strong></span> <span class='ocrx_word' id='word_1_9' title='bbox 922 477 1166 542; x_wconf 78' lang='lat' dir='ltr'><strong>Ooisliniani</strong></span> <span class='ocrx_word' id='word_1_10' title='bbox 1194 480 1249 562; x_wconf 73' lang='lat' dir='ltr'><strong>(C)</strong></span> <span class='ocrx_word' id='word_1_11' title='bbox 1271 481 1374 563; x_wconf 81' lang='lat' dir='ltr'><strong>potissi-</strong></span> 
     </span>
     <span class='ocr_line' id='line_1_3' title="bbox 258 587 1377 677; baseline -0.006 -18"><span class='ocrx_word' id='word_1_12' title='bbox 258 619 345 660; x_wconf 88' lang='lat' dir='ltr'><strong>mum</strong></span> <span class='ocrx_word' id='word_1_13' title='bbox 373 598 405 658; x_wconf 89' lang='lat' dir='ltr'><strong>et</strong></span> <span class='ocrx_word' id='word_1_14' title='bbox 427 593 542 677; x_wconf 81' lang='lat' dir='ltr'><strong>Itegii</strong></span> <span class='ocrx_word' id='word_1_15' title='bbox 572 593 644 677; x_wconf 75' lang='grc'><strong>(1)),</strong></span> <span class='ocrx_word' id='word_1_16' title='bbox 679 589 857 653; x_wconf 88' lang='lat' dir='ltr'><strong>rationibus</strong></span> <span class='ocrx_word' id='word_1_17' title='bbox 886 587 931 651; x_wconf 79' lang='lat' dir='ltr'><strong>ita</strong></span> <span class='ocrx_word' id='word_1_18' title='bbox 959 588 1108 671; x_wconf 85' lang='lat' dir='ltr'><strong>copulata</strong></span> <span class='ocrx_word' id='word_1_19' title='bbox 1135 589 1214 673; x_wconf 88' lang='lat' dir='ltr'><strong>erit,</strong></span> <span class='ocrx_word' id='word_1_20' title='bbox 1246 593 1280 652; x_wconf 91' lang='lat' dir='ltr'><strong>ut</strong></span> <span class='ocrx_word' id='word_1_21' title='bbox 1298 591 1377 674; x_wconf 85' lang='lat' dir='ltr'><strong>plane</strong></span> 
     </span>
     <span class='ocr_line' id='line_1_4' title="bbox 260 697 1377 789; baseline -0.004 -21"><span class='ocrx_word' id='word_1_22' title='bbox 260 708 415 789; x_wconf 76' lang='lat' dir='ltr'>appareat</span> <span class='ocrx_word' id='word_1_23' title='bbox 437 704 470 765; x_wconf 90' lang='lat' dir='ltr'><strong>in</strong></span> <span class='ocrx_word' id='word_1_24' title='bbox 492 703 550 765; x_wconf 87' lang='lat' dir='ltr'><strong>hos</strong></span> <span class='ocrx_word' id='word_1_25' title='bbox 572 701 698 764; x_wconf 89' lang='lat' dir='ltr'><strong>demum</strong></span> <span class='ocrx_word' id='word_1_26' title='bbox 714 699 838 763; x_wconf 86' lang='lat' dir='ltr'><strong>codices</strong></span> <span class='ocrx_word' id='word_1_27' title='bbox 853 719 947 761; x_wconf 86' lang='lat' dir='ltr'><strong>verae</strong></span> <span class='ocrx_word' id='word_1_28' title='bbox 962 697 1220 782; x_wconf 89' lang='lat' dir='ltr'><strong>interpolationis</strong></span> <span class='ocrx_word' id='word_1_29' title='bbox 1236 700 1377 763; x_wconf 87' lang='lat' dir='ltr'><strong>notionem</strong></span> 
     </span>
     <span class='ocr_line' id='line_1_5' title="bbox 260 807 1377 895; baseline -0.007 -17"><span class='ocrx_word' id='word_1_30' title='bbox 260 819 292 878; x_wconf 92' lang='lat' dir='ltr'><strong>et</strong></span> <span class='ocrx_word' id='word_1_31' title='bbox 313 814 409 878; x_wconf 92' lang='lat' dir='ltr'><strong>latius</strong></span> <span class='ocrx_word' id='word_1_32' title='bbox 431 811 573 895; x_wconf 91' lang='lat' dir='ltr'><strong>patentis</strong></span> <span class='ocrx_word' id='word_1_33' title='bbox 595 810 746 873; x_wconf 75' lang='lat' dir='ltr'><strong>licentiae</strong></span> <span class='ocrx_word' id='word_1_34' title='bbox 769 807 898 890; x_wconf 83' lang='lat' dir='ltr'><strong>cadere,</strong></span> <span class='ocrx_word' id='word_1_35' title='bbox 928 829 1005 890; x_wconf 90' lang='lat' dir='ltr'><strong>prae</strong></span> <span class='ocrx_word' id='word_1_36' title='bbox 1033 831 1095 892; x_wconf 88' lang='lat' dir='ltr'><strong>qua</strong></span> <span class='ocrx_word' id='word_1_37' title='bbox 1122 809 1309 872; x_wconf 81' lang='lat' dir='ltr'>mediocrem</span> <span class='ocrx_word' id='word_1_38' title='bbox 1329 809 1377 871; x_wconf 86' lang='lat' dir='ltr'><strong>rin</strong></span> 
     </span>
     <span class='ocr_line' id='line_1_6' title="bbox 260 917 1379 1001; baseline -0.008 -13"><span class='ocrx_word' id='word_1_39' title='bbox 260 923 427 988; x_wconf 88' lang='lat' dir='ltr'><strong>Vrbinatis</strong></span> <span class='ocrx_word' id='word_1_40' title='bbox 454 921 581 984; x_wconf 84' lang='lat' dir='ltr'><strong>vitiatio</strong></span> <span class='ocrx_word' id='word_1_41' title='bbox 608 919 727 982; x_wconf 90' lang='lat' dir='ltr'><strong>habeat</strong></span> <span class='ocrx_word' id='word_1_42' title='bbox 761 918 801 980; x_wconf 88' lang='lat' dir='ltr'><strong>ad</strong></span> <span class='ocrx_word' id='word_1_43' title='bbox 831 917 975 1000; x_wconf 79' lang='lat' dir='ltr'><strong>singalas</strong></span> <span class='ocrx_word' id='word_1_44' title='bbox 1011 918 1077 981; x_wconf 89' lang='lat' dir='ltr'><strong>fere</strong></span> <span class='ocrx_word' id='word_1_45' title='bbox 1110 939 1204 981; x_wconf 82' lang='lat' dir='ltr'><strong>voees</strong></span> <span class='ocrx_word' id='word_1_46' title='bbox 1237 919 1379 1001; x_wconf 71' lang='lat' dir='ltr'>pertinens</span> 
     </span>
     <span class='ocr_line' id='line_1_7' title="bbox 260 1027 1380 1116; baseline -0.005 -20"><span class='ocrx_word' id='word_1_47' title='bbox 260 1033 407 1116; x_wconf 89' lang='lat' dir='ltr'><strong>intraque</strong></span> <span class='ocrx_word' id='word_1_48' title='bbox 430 1030 569 1093; x_wconf 85' lang='lat' dir='ltr'><strong>modicos</strong></span> <span class='ocrx_word' id='word_1_49' title='bbox 591 1029 671 1092; x_wconf 88' lang='lat' dir='ltr'><strong>fines</strong></span> <span class='ocrx_word' id='word_1_50' title='bbox 694 1027 821 1090; x_wconf 84' lang='lat' dir='ltr'><strong>levioris</strong></span> <span class='ocrx_word' id='word_1_51' title='bbox 838 1027 1042 1090; x_wconf 80' lang='lat' dir='ltr'><strong>correctionis</strong></span> <span class='ocrx_word' id='word_1_52' title='bbox 1065 1027 1252 1091; x_wconf 77' lang='lat' dir='ltr'><strong>subsistens,</strong></span> <span class='ocrx_word' id='word_1_53' title='bbox 1286 1027 1380 1102; x_wconf 87' lang='lat' dir='ltr'><strong>Quan-</strong></span> 
     </span>
     <span class='ocr_line' id='line_1_8' title="bbox 260 1136 1380 1226; baseline -0.008 -20"><span class='ocrx_word' id='word_1_54' title='bbox 260 1165 356 1226; x_wconf 81' lang='lat' dir='ltr'><strong>quam</strong></span> <span class='ocrx_word' id='word_1_55' title='bbox 389 1140 604 1206; x_wconf 79' lang='lat' dir='ltr'><strong>Ooislinianus</strong></span> <span class='ocrx_word' id='word_1_56' title='bbox 637 1137 765 1220; x_wconf 87' lang='lat' dir='ltr'><strong>quidem</strong></span> <span class='ocrx_word' id='word_1_57' title='bbox 798 1137 937 1200; x_wconf 89' lang='lat' dir='ltr'><strong>medium</strong></span> <span class='ocrx_word' id='word_1_58' title='bbox 969 1136 1074 1220; x_wconf 87' lang='lat' dir='ltr'><strong>potius</strong></span> <span class='ocrx_word' id='word_1_59' title='bbox 1106 1137 1211 1200; x_wconf 89' lang='lat' dir='ltr'><strong>Iocum</strong></span> <span class='ocrx_word' id='word_1_60' title='bbox 1245 1137 1380 1221; x_wconf 85' lang='lat' dir='ltr'><strong>quendam</strong></span> 
     </span>
     <span class='ocr_line' id='line_1_9' title="bbox 260 1246 1382 1332; baseline -0.005 -18"><span class='ocrx_word' id='word_1_61' title='bbox 260 1254 365 1314; x_wconf 89' lang='lat' dir='ltr'><strong>tenet:</strong></span> <span class='ocrx_word' id='word_1_62' title='bbox 402 1271 537 1332; x_wconf 89' lang='lat' dir='ltr'><strong>quocum</strong></span> <span class='ocrx_word' id='word_1_63' title='bbox 560 1269 625 1310; x_wconf 88' lang='lat' dir='ltr'><strong>non</strong></span> <span class='ocrx_word' id='word_1_64' title='bbox 648 1247 753 1310; x_wconf 88' lang='lat' dir='ltr'><strong>miuus</strong></span> <span class='ocrx_word' id='word_1_65' title='bbox 782 1268 876 1330; x_wconf 85' lang='lat' dir='ltr'><strong>saepe</strong></span> <span class='ocrx_word' id='word_1_66' title='bbox 899 1247 1076 1329; x_wconf 77' lang='lat' dir='ltr'><strong>scripturae</strong></span> <span class='ocrx_word' id='word_1_67' title='bbox 1099 1247 1317 1331; x_wconf 82' lang='lat' dir='ltr'><strong>integritatem</strong></span> <span class='ocrx_word' id='word_1_68' title='bbox 1335 1246 1382 1309; x_wconf 88' lang='grc'><strong>111-</strong></span> 
     </span>
     <span class='ocr_line' id='line_1_10' title="bbox 261 1356 1383 1443; baseline -0.004 -20"><span class='ocrx_word' id='word_1_69' title='bbox 261 1362 354 1423; x_wconf 84' lang='lat' dir='ltr'><strong>binas</strong></span> <span class='ocrx_word' id='word_1_70' title='bbox 376 1381 471 1443; x_wconf 86' lang='lat' dir='ltr'><strong>quam</strong></span> <span class='ocrx_word' id='word_1_71' title='bbox 499 1357 691 1440; x_wconf 83' lang='lat' dir='ltr'><strong>pravitatem</strong></span> <span class='ocrx_word' id='word_1_72' title='bbox 713 1356 834 1440; x_wconf 78' lang='lat' dir='ltr'><strong>Regius</strong></span> <span class='ocrx_word' id='word_1_73' title='bbox 858 1356 1080 1420; x_wconf 87' lang='lat' dir='ltr'><strong>communicet.</strong></span> <span class='ocrx_word' id='word_1_74' title='bbox 1126 1357 1174 1420; x_wconf 91' lang='lat' dir='ltr'><strong>De</strong></span> <span class='ocrx_word' id='word_1_75' title='bbox 1203 1357 1383 1440; x_wconf 84' lang='lat' dir='ltr'><strong>praestantia</strong></span> 
     </span>
     <span class='ocr_line' id='line_1_11' title="bbox 262 1450 1384 1550; baseline -0.005 -18"><span class='ocrx_word' id='word_1_76' title='bbox 262 1474 368 1532; x_wconf 89' lang='lat' dir='ltr'><strong>autem</strong></span> <span class='ocrx_word' id='word_1_77' title='bbox 391 1467 557 1531; x_wconf 86' lang='lat' dir='ltr'><strong>Vrbinatis</strong></span> <span class='ocrx_word' id='word_1_78' title='bbox 587 1466 702 1530; x_wconf 89' lang='lat' dir='ltr'><strong>codicis</strong></span> <span class='ocrx_word' id='word_1_79' title='bbox 732 1487 802 1528; x_wconf 91' lang='lat' dir='ltr'><strong>cum</strong></span> <span class='ocrx_word' id='word_1_80' title='bbox 831 1465 941 1548; x_wconf 92' lang='lat' dir='ltr'><strong>loquor</strong></span> <span class='ocrx_word' id='word_1_81' title='bbox 948 1516 957 1548; x_wconf 93' lang='lat'><strong>,</strong></span> <span class='ocrx_word' id='word_1_82' title='bbox 987 1467 1094 1550; x_wconf 84' lang='lat' dir='ltr'><strong>cogito</strong></span> <span class='ocrx_word' id='word_1_83' title='bbox 1116 1466 1155 1529; x_wconf 89' lang='lat' dir='ltr'><strong>de</strong></span> <span class='ocrx_word' id='word_1_84' title='bbox 1177 1450 1281 1550; x_wconf 87' lang='lat' dir='ltr'><strong>prima</strong></span> <span class='ocrx_word' id='word_1_85' title='bbox 1308 1469 1384 1548; x_wconf 88' lang='lat' dir='ltr'><strong>parte</strong></span> 
     </span>
     <span class='ocr_line' id='line_1_12' title="bbox 263 1574 1385 1662; baseline -0.005 -21"><span class='ocrx_word' id='word_1_86' title='bbox 263 1579 517 1662; x_wconf 81' lang='lat' dir='ltr'><strong>Antiquitatum,</strong></span> <span class='ocrx_word' id='word_1_87' title='bbox 552 1597 633 1659; x_wconf 90' lang='lat' dir='ltr'><strong>quae</strong></span> <span class='ocrx_word' id='word_1_88' title='bbox 661 1575 701 1637; x_wconf 88' lang='lat' dir='ltr'><strong>ad</strong></span> <span class='ocrx_word' id='word_1_89' title='bbox 731 1578 827 1657; x_wconf 87' lang='lat' dir='ltr'><strong>caput</strong></span> <span class='ocrx_word' id='word_1_90' title='bbox 854 1575 932 1638; x_wconf 84' lang='lat' dir='ltr'>XIII</span> <span class='ocrx_word' id='word_1_91' title='bbox 960 1575 1033 1638; x_wconf 85' lang='lat' dir='ltr'><strong>libri</strong></span> <span class='ocrx_word' id='word_1_92' title='bbox 1063 1575 1107 1640; x_wconf 88' lang='lat' dir='ltr'><strong>VI</strong></span> <span class='ocrx_word' id='word_1_93' title='bbox 1135 1576 1290 1659; x_wconf 82' lang='lat' dir='ltr'><strong>pertinet:</strong></span> <span class='ocrx_word' id='word_1_94' title='bbox 1323 1574 1385 1636; x_wconf 82' lang='lat' dir='ltr'><strong>blac</strong></span> 
     </span>
     <span class='ocr_line' id='line_1_13' title="bbox 263 1684 1384 1768; baseline -0.007 -17"><span class='ocrx_word' id='word_1_95' title='bbox 263 1689 348 1750; x_wconf 89' lang='lat' dir='ltr'><strong>enirn</strong></span> <span class='ocrx_word' id='word_1_96' title='bbox 370 1709 435 1750; x_wconf 91' lang='lat' dir='ltr'><strong>una</strong></span> <span class='ocrx_word' id='word_1_97' title='bbox 459 1708 530 1750; x_wconf 88' lang='lat' dir='ltr'><strong>cunr</strong></span> <span class='ocrx_word' id='word_1_98' title='bbox 552 1707 650 1748; x_wconf 90' lang='lat' dir='ltr'><strong>manu</strong></span> <span class='ocrx_word' id='word_1_99' title='bbox 676 1684 800 1747; x_wconf 90' lang='lat' dir='ltr'><strong>librarii</strong></span> <span class='ocrx_word' id='word_1_100' title='bbox 827 1685 897 1767; x_wconf 86' lang='lat' dir='ltr'><strong>ipsa</strong></span> <span class='ocrx_word' id='word_1_101' title='bbox 926 1685 1047 1748; x_wconf 83' lang='lat' dir='ltr'><strong>indoles</strong></span> <span class='ocrx_word' id='word_1_102' title='bbox 1075 1685 1252 1768; x_wconf 88' lang='lat' dir='ltr'><strong>scripturae</strong></span> <span class='ocrx_word' id='word_1_103' title='bbox 1279 1687 1384 1747; x_wconf 86' lang='lat' dir='ltr'><strong>mutata</strong></span> 
     </span>
     <span class='ocr_line' id='line_1_14' title="bbox 263 1793 1386 1880; baseline -0.007 -19"><span class='ocrx_word' id='word_1_104' title='bbox 263 1801 406 1880; x_wconf 87' lang='lat' dir='ltr'><strong>apparet.</strong></span> <span class='ocrx_word' id='word_1_105' title='bbox 452 1797 652 1878; x_wconf 81' lang='lat' dir='ltr'><strong>Quapropter</strong></span> <span class='ocrx_word' id='word_1_106' title='bbox 679 1795 713 1857; x_wconf 90' lang='lat' dir='ltr'><strong>in</strong></span> <span class='ocrx_word' id='word_1_107' title='bbox 743 1794 894 1877; x_wconf 83' lang='lat' dir='ltr'><strong>exemplis</strong></span> <span class='ocrx_word' id='word_1_108' title='bbox 924 1794 1092 1858; x_wconf 86' lang='lat' dir='ltr'><strong>afferendis</strong></span> <span class='ocrx_word' id='word_1_109' title='bbox 1114 1793 1199 1859; x_wconf 81' lang='lat' dir='ltr'><strong>ultra</strong></span> <span class='ocrx_word' id='word_1_110' title='bbox 1222 1794 1308 1859; x_wconf 90' lang='lat' dir='ltr'><strong>illam</strong></span> <span class='ocrx_word' id='word_1_111' title='bbox 1328 1813 1386 1876; x_wconf 89' lang='lat' dir='ltr'><strong>par·</strong></span> 
     </span>
     <span class='ocr_line' id='line_1_15' title="bbox 262 1903 949 1988; baseline -0.001 -19"><span class='ocrx_word' id='word_1_112' title='bbox 262 1911 328 1969; x_wconf 90' lang='lat' dir='ltr'><strong>tem</strong></span> <span class='ocrx_word' id='word_1_113' title='bbox 350 1927 436 1969; x_wconf 89' lang='lat' dir='ltr'><strong>nunc</strong></span> <span class='ocrx_word' id='word_1_114' title='bbox 458 1905 585 1988; x_wconf 88' lang='lat' dir='ltr'><strong>quidem</strong></span> <span class='ocrx_word' id='word_1_115' title='bbox 608 1925 673 1967; x_wconf 91' lang='lat' dir='ltr'><strong>aon</strong></span> <span class='ocrx_word' id='word_1_116' title='bbox 698 1903 949 1988; x_wconf 85' lang='lat' dir='ltr'><strong>progrediemur.</strong></span> 
     </span>
    </p>
   </div>
   <div class='ocr_carea' id='block_1_3' title="bbox 798 2073 871 2152">
    <p class='ocr_par' dir='ltr' id='par_1_3' title="bbox 798 2073 871 2152">
     <span class='ocr_line' id='line_1_16' title="bbox 798 2073 871 2152; baseline 0 -17"><span class='ocrx_word' id='word_1_117' title='bbox 798 2073 871 2152; x_wconf 67' lang='lat' dir='ltr'><strong>§a</strong></span> 
     </span>
    </p>
   </div>
   <div class='ocr_carea' id='block_1_4' title="bbox 230 2207 1470 2513">
    <p class='ocr_par' dir='ltr' id='par_1_4' title="bbox 230 2207 1470 2513">
     <span class='ocr_line' id='line_1_17' title="bbox 346 2207 1388 2292; baseline -0.002 -20"><span class='ocrx_word' id='word_1_118' title='bbox 346 2209 453 2292; x_wconf 89' lang='lat' dir='ltr'><strong>Ipsum</strong></span> <span class='ocrx_word' id='word_1_119' title='bbox 484 2208 612 2271; x_wconf 89' lang='lat' dir='ltr'><strong>initium</strong></span> <span class='ocrx_word' id='word_1_120' title='bbox 634 2207 874 2291; x_wconf 85' lang='lat' dir='ltr'><strong>Antiquitatum</strong></span> <span class='ocrx_word' id='word_1_121' title='bbox 904 2229 1007 2290; x_wconf 91' lang='lat' dir='ltr'><strong>nuper</strong></span> <span class='ocrx_word' id='word_1_122' title='bbox 1035 2229 1054 2271; x_wconf 90' lang='lat' dir='ltr'><strong>a</strong></span> <span class='ocrx_word' id='word_1_123' title='bbox 1083 2208 1176 2272; x_wconf 89' lang='lat' dir='ltr'><strong>nobis</strong></span> <span class='ocrx_word' id='word_1_124' title='bbox 1206 2209 1388 2273; x_wconf 86' lang='lat' dir='ltr'><strong>emendatius</strong></span> 
     </span>
     <span class='ocr_line' id='line_1_18' title="bbox 264 2317 1470 2428; baseline 0 -46"><span class='ocrx_word' id='word_1_125' title='bbox 264 2320 383 2383; x_wconf 90' lang='lat' dir='ltr'><strong>editum</strong></span> <span class='ocrx_word' id='word_1_126' title='bbox 405 2319 482 2382; x_wconf 84' lang='lat' dir='ltr'><strong>satis</strong></span> <span class='ocrx_word' id='word_1_127' title='bbox 506 2339 573 2380; x_wconf 86' lang='lat' dir='ltr'><strong>esse</strong></span> <span class='ocrx_word' id='word_1_128' title='bbox 596 2321 786 2402; x_wconf 83' lang='lat' dir='ltr'><strong>argumento</strong></span> <span class='ocrx_word' id='word_1_129' title='bbox 808 2317 923 2401; x_wconf 88' lang='lat' dir='ltr'><strong>potuit,</strong></span> <span class='ocrx_word' id='word_1_130' title='bbox 946 2321 1024 2401; x_wconf 91' lang='lat' dir='ltr'><strong>quot</strong></span> <span class='ocrx_word' id='word_1_131' title='bbox 1039 2318 1163 2381; x_wconf 86' lang='lat' dir='ltr'><strong>lacunis</strong></span> <span class='ocrx_word' id='word_1_132' title='bbox 1185 2318 1219 2381; x_wconf 92' lang='lat' dir='ltr'><strong>hi</strong></span> <span class='ocrx_word' id='word_1_133' title='bbox 1242 2319 1313 2382; x_wconf 91' lang='lat' dir='ltr'><strong>libri</strong></span> <span class='ocrx_word' id='word_1_134' title='bbox 1327 2319 1389 2382; x_wconf 81' lang='lat' dir='ltr'><strong>Die</strong></span> <span class='ocrx_word' id='word_1_135' title='bbox 1469 2383 1470 2428; x_wconf 62' lang='lat'><strong>,</strong></span> 
     </span>
     <span class='ocr_line' id='line_1_19' title="bbox 230 2426 1389 2513; baseline 0 -20"><span class='ocrx_word' id='word_1_136' title='bbox 230 2446 246 2493; x_wconf 85' lang='lat'>5</span> <span class='ocrx_word' id='word_1_137' title='bbox 263 2430 392 2513; x_wconf 88' lang='lat' dir='ltr'><strong>nysiani</strong></span> <span class='ocrx_word' id='word_1_138' title='bbox 408 2451 424 2493; x_wconf 91' lang='lat' dir='ltr'><strong>e</strong></span> <span class='ocrx_word' id='word_1_139' title='bbox 440 2428 542 2512; x_wconf 84' lang='lat' dir='ltr'><strong>Itegio</strong></span> <span class='ocrx_word' id='word_1_140' title='bbox 568 2428 675 2492; x_wconf 89' lang='lat' dir='ltr'><strong>codice</strong></span> <span class='ocrx_word' id='word_1_141' title='bbox 697 2449 754 2510; x_wconf 91' lang='lat' dir='ltr'><strong>per</strong></span> <span class='ocrx_word' id='word_1_142' title='bbox 772 2426 928 2510; x_wconf 80' lang='lat' dir='ltr'><strong>Stephani</strong></span> <span class='ocrx_word' id='word_1_143' title='bbox 952 2428 1113 2511; x_wconf 85' lang='lat' dir='ltr'><strong>exemplar</strong></span> <span class='ocrx_word' id='word_1_144' title='bbox 1129 2427 1183 2513; x_wconf 82' lang='lat' dir='ltr'><strong>(P)</strong></span> <span class='ocrx_word' id='word_1_145' title='bbox 1199 2429 1240 2492; x_wconf 92' lang='lat' dir='ltr'><strong>ad</strong></span> <span class='ocrx_word' id='word_1_146' title='bbox 1261 2433 1389 2493; x_wconf 86' lang='lat' dir='ltr'><strong>nostram</strong></span> 
     </span>
    </p>
   </div>
   <div class='ocr_carea' id='block_1_5' title="bbox 265 2537 1469 2951">
    <p class='ocr_par' dir='ltr' id='par_1_5' title="bbox 265 2537 1469 2951">
     <span class='ocr_line' id='line_1_20' title="bbox 265 2537 1390 2622; baseline -0.001 -20"><span class='ocrx_word' id='word_1_147' title='bbox 265 2543 405 2602; x_wconf 88' lang='lat' dir='ltr'><strong>aetatem</strong></span> <span class='ocrx_word' id='word_1_148' title='bbox 428 2539 609 2622; x_wconf 84' lang='lat' dir='ltr'><strong>propagati,</strong></span> <span class='ocrx_word' id='word_1_149' title='bbox 633 2537 740 2620; x_wconf 89' lang='lat' dir='ltr'><strong>eisque</strong></span> <span class='ocrx_word' id='word_1_150' title='bbox 762 2560 858 2621; x_wconf 88' lang='lat' dir='ltr'><strong>quarn</strong></span> <span class='ocrx_word' id='word_1_151' title='bbox 879 2537 1031 2621; x_wconf 83' lang='lat' dir='ltr'><strong>gravibus</strong></span> <span class='ocrx_word' id='word_1_152' title='bbox 1053 2538 1248 2604; x_wconf 89' lang='lat' dir='ltr'><strong>laborarent.</strong></span> <span class='ocrx_word' id='word_1_153' title='bbox 1279 2539 1390 2604; x_wconf 80' lang='lat' dir='ltr'><strong>Taliraa</strong></span> 
     </span>
     <span class='ocr_line' id='line_1_21' title="bbox 265 2647 1390 2731; baseline -0.003 -19"><span class='ocrx_word' id='word_1_154' title='bbox 265 2653 372 2712; x_wconf 87' lang='lat' dir='ltr'><strong>autem</strong></span> <span class='ocrx_word' id='word_1_155' title='bbox 401 2649 588 2711; x_wconf 85' lang='lat' dir='ltr'><strong>lacunarum</strong></span> <span class='ocrx_word' id='word_1_156' title='bbox 616 2647 780 2730; x_wconf 87' lang='lat' dir='ltr'><strong>aliquanto</strong></span> <span class='ocrx_word' id='word_1_157' title='bbox 808 2647 991 2731; x_wconf 84' lang='lat' dir='ltr'><strong>graviorum</strong></span> <span class='ocrx_word' id='word_1_158' title='bbox 1019 2669 1090 2711; x_wconf 89' lang='lat' dir='ltr'><strong>eum</strong></span> <span class='ocrx_word' id='word_1_159' title='bbox 1118 2670 1158 2711; x_wconf 90' lang='lat' dir='ltr'><strong>ne</strong></span> <span class='ocrx_word' id='word_1_160' title='bbox 1186 2670 1251 2712; x_wconf 87' lang='lat' dir='ltr'><strong>una</strong></span> <span class='ocrx_word' id='word_1_161' title='bbox 1278 2648 1390 2728; x_wconf 81' lang='lat' dir='ltr'><strong>orriden</strong></span> 
     </span>
     <span class='ocr_line' id='line_1_22' title="bbox 265 2757 1469 2838; baseline -0.002 -18"><span class='ocrx_word' id='word_1_162' title='bbox 265 2757 361 2820; x_wconf 83' lang='lat' dir='ltr'><strong>solius</strong></span> <span class='ocrx_word' id='word_1_163' title='bbox 394 2757 537 2822; x_wconf 73' lang='grc'><strong>(1111010111</strong></span> <span class='ocrx_word' id='word_1_164' title='bbox 571 2757 703 2838; x_wconf 88' lang='lat' dir='ltr'><strong>virtute,</strong></span> <span class='ocrx_word' id='word_1_165' title='bbox 738 2757 895 2838; x_wconf 88' lang='lat' dir='ltr'><strong>plurimae</strong></span> <span class='ocrx_word' id='word_1_166' title='bbox 927 2779 1001 2821; x_wconf 90' lang='lat' dir='ltr'><strong>vero</strong></span> <span class='ocrx_word' id='word_1_167' title='bbox 1035 2758 1207 2822; x_wconf 84' lang='lat' dir='ltr'><strong>coniuncta</strong></span> <span class='ocrx_word' id='word_1_168' title='bbox 1237 2757 1390 2822; x_wconf 75' lang='lat' dir='ltr'><strong>VrbInat&#39;a</strong></span> <span class='ocrx_word' id='word_1_169' title='bbox 1468 2773 1469 2776; x_wconf 75' lang='grc'>’</span> 
     </span>
     <span class='ocr_line' id='line_1_23' title="bbox 266 2865 1391 2951; baseline -0.002 -21"><span class='ocrx_word' id='word_1_170' title='bbox 266 2867 470 2950; x_wconf 59' lang='lat' dir='ltr'><strong>tibisiamque</strong></span> <span class='ocrx_word' id='word_1_171' title='bbox 497 2867 642 2930; x_wconf 87' lang='lat' dir='ltr'><strong>bonitate</strong></span> <span class='ocrx_word' id='word_1_172' title='bbox 671 2866 876 2950; x_wconf 82' lang='lat' dir='ltr'><strong>expleantur,</strong></span> <span class='ocrx_word' id='word_1_173' title='bbox 905 2868 956 2930; x_wconf 86' lang='lat' dir='ltr'><strong>vel</strong></span> <span class='ocrx_word' id='word_1_174' title='bbox 983 2867 1059 2932; x_wconf 91' lang='lat' dir='ltr'><strong>hinc</strong></span> <span class='ocrx_word' id='word_1_175' title='bbox 1085 2867 1260 2951; x_wconf 88' lang='lat' dir='ltr'><strong>probabilis</strong></span> <span class='ocrx_word' id='word_1_176' title='bbox 1286 2865 1391 2951; x_wconf 86' lang='lat' dir='ltr'><strong>poterit</strong></span> 
     </span>
    </p>
   </div>
   <div class='ocr_carea' id='block_1_6' title="bbox 265 3126 1468 4400">
    <p class='ocr_par' dir='ltr' id='par_1_6' title="bbox 265 3126 1468 4400">
     <span class='ocr_line' id='line_1_24' title="bbox 266 3126 1392 3194; baseline -0.001 -15"><span class='ocrx_word' id='word_1_177' title='bbox 266 3129 385 3192; x_wconf 84' lang='lat' dir='ltr'><strong>ararent,</strong></span> <span class='ocrx_word' id='word_1_178' title='bbox 413 3126 478 3178; x_wconf 86' lang='lat' dir='ltr'><strong>mihi</strong></span> <span class='ocrx_word' id='word_1_179' title='bbox 503 3143 546 3179; x_wconf 84' lang='lat' dir='ltr'><strong>rea</strong></span> <span class='ocrx_word' id='word_1_180' title='bbox 571 3127 653 3194; x_wconf 83' lang='lat' dir='ltr'><strong>longe</strong></span> <span class='ocrx_word' id='word_1_181' title='bbox 681 3126 763 3180; x_wconf 85' lang='lat' dir='ltr'><strong>aliter</strong></span> <span class='ocrx_word' id='word_1_182' title='bbox 791 3143 851 3180; x_wconf 81' lang='lat' dir='ltr'><strong>sese</strong></span> <span class='ocrx_word' id='word_1_183' title='bbox 879 3128 983 3181; x_wconf 84' lang='lat' dir='ltr'><strong>habere</strong></span> <span class='ocrx_word' id='word_1_184' title='bbox 1006 3126 1122 3181; x_wconf 68' lang='lat' dir='ltr'><strong>ridetur.</strong></span> <span class='ocrx_word' id='word_1_185' title='bbox 1164 3127 1306 3182; x_wconf 86' lang='lat' dir='ltr'><strong>Vrbinatis</strong></span> <span class='ocrx_word' id='word_1_186' title='bbox 1330 3127 1392 3181; x_wconf 88' lang='lat' dir='ltr'><strong>cuim</strong></span> 
     </span>
     <span class='ocr_line' id='line_1_25' title="bbox 265 3218 1468 3288; baseline 0 -16"><span class='ocrx_word' id='word_1_187' title='bbox 265 3218 451 3288; x_wconf 84' lang='lat' dir='ltr'><strong>praestantia,</strong></span> <span class='ocrx_word' id='word_1_188' title='bbox 481 3219 607 3284; x_wconf 86' lang='lat' dir='ltr'><strong>quamvis</strong></span> <span class='ocrx_word' id='word_1_189' title='bbox 636 3219 746 3272; x_wconf 75' lang='lat' dir='ltr'><strong>levioris</strong></span> <span class='ocrx_word' id='word_1_190' title='bbox 777 3219 919 3274; x_wconf 87' lang='lat' dir='ltr'><strong>cuiusdam</strong></span> <span class='ocrx_word' id='word_1_191' title='bbox 947 3219 1171 3288; x_wconf 86' lang='lat' dir='ltr'><strong>interpolationis</strong></span> <span class='ocrx_word' id='word_1_192' title='bbox 1205 3221 1392 3276; x_wconf 80' lang='lat' dir='ltr'><strong>commaculata</strong></span> <span class='ocrx_word' id='word_1_193' title='bbox 1467 3229 1468 3253; x_wconf 64' lang='lat'>¹</span> 
     </span>
     <span class='ocr_line' id='line_1_26' title="bbox 265 3311 1393 3383; baseline 0.001 -18"><span class='ocrx_word' id='word_1_194' title='bbox 265 3311 404 3379; x_wconf 77' lang='lat' dir='ltr'><strong>vestigiis,</strong></span> <span class='ocrx_word' id='word_1_195' title='bbox 424 3329 457 3364; x_wconf 88' lang='lat' dir='ltr'><strong>ea</strong></span> <span class='ocrx_word' id='word_1_196' title='bbox 475 3315 518 3364; x_wconf 88' lang='lat' dir='ltr'><strong>est</strong></span> <span class='ocrx_word' id='word_1_197' title='bbox 536 3313 567 3364; x_wconf 90' lang='lat' dir='ltr'><strong>ut</strong></span> <span class='ocrx_word' id='word_1_198' title='bbox 585 3312 808 3365; x_wconf 81' lang='lat' dir='ltr'><strong>carendationem</strong></span> <span class='ocrx_word' id='word_1_199' title='bbox 826 3315 918 3366; x_wconf 88' lang='lat' dir='ltr'><strong>totam</strong></span> <span class='ocrx_word' id='word_1_200' title='bbox 935 3315 992 3366; x_wconf 86' lang='lat' dir='ltr'><strong>fere</strong></span> <span class='ocrx_word' id='word_1_201' title='bbox 1010 3313 1046 3366; x_wconf 89' lang='lat' dir='ltr'><strong>ab</strong></span> <span class='ocrx_word' id='word_1_202' title='bbox 1064 3313 1118 3368; x_wconf 92' lang='lat' dir='ltr'><strong>hoc</strong></span> <span class='ocrx_word' id='word_1_203' title='bbox 1135 3312 1207 3368; x_wconf 88' lang='lat' dir='ltr'><strong>libro</strong></span> <span class='ocrx_word' id='word_1_204' title='bbox 1225 3314 1393 3383; x_wconf 82' lang='lat' dir='ltr'><strong>repetendam</strong></span> 
     </span>
     <span class='ocr_line' id='line_1_27' title="bbox 266 3404 1393 3474; baseline -0.002 -16"><span class='ocrx_word' id='word_1_205' title='bbox 266 3423 326 3458; x_wconf 81' lang='lat' dir='ltr'><strong>csse</strong></span> <span class='ocrx_word' id='word_1_206' title='bbox 345 3405 412 3456; x_wconf 89' lang='lat' dir='ltr'><strong>mihi</strong></span> <span class='ocrx_word' id='word_1_207' title='bbox 435 3421 598 3472; x_wconf 83' lang='lat' dir='ltr'><strong>persuasum</strong></span> <span class='ocrx_word' id='word_1_208' title='bbox 617 3405 677 3457; x_wconf 56' lang='lat' dir='ltr'><strong>sun</strong></span> <span class='ocrx_word' id='word_1_209' title='bbox 719 3404 836 3473; x_wconf 83' lang='lat' dir='ltr'><strong>Scripsit</strong></span> <span class='ocrx_word' id='word_1_210' title='bbox 859 3408 952 3458; x_wconf 87' lang='lat' dir='ltr'><strong>autem</strong></span> <span class='ocrx_word' id='word_1_211' title='bbox 974 3405 1043 3458; x_wconf 89' lang='lat' dir='ltr'><strong>haec</strong></span> <span class='ocrx_word' id='word_1_212' title='bbox 1060 3405 1205 3474; x_wconf 87' lang='lat' dir='ltr'><strong>Adolpbus</strong></span> <span class='ocrx_word' id='word_1_213' title='bbox 1223 3405 1393 3470; x_wconf 65' lang='lat' dir='ltr'><strong>Kiassungia</strong></span> 
     </span>
     <span class='ocr_line' id='line_1_28' title="bbox 265 3496 1467 3566; baseline 0.004 -17"><span class='ocrx_word' id='word_1_214' title='bbox 265 3515 342 3551; x_wconf 82' lang='lat' dir='ltr'><strong>meus</strong></span> <span class='ocrx_word' id='word_1_215' title='bbox 361 3496 542 3565; x_wconf 86' lang='lat' dir='ltr'><strong>praefationis</strong></span> <span class='ocrx_word' id='word_1_216' title='bbox 562 3514 627 3550; x_wconf 89' lang='lat' dir='ltr'><strong>suae</strong></span> <span class='ocrx_word' id='word_1_217' title='bbox 646 3515 671 3565; x_wconf 92' lang='lat' dir='ltr'><strong>p.</strong></span> <span class='ocrx_word' id='word_1_218' title='bbox 685 3497 731 3562; x_wconf 86' lang='lat' dir='ltr'><strong>Vl,</strong></span> <span class='ocrx_word' id='word_1_219' title='bbox 749 3497 820 3550; x_wconf 90' lang='lat' dir='ltr'><strong>mira</strong></span> <span class='ocrx_word' id='word_1_220' title='bbox 838 3498 895 3551; x_wconf 83' lang='lat' dir='ltr'><strong>sive</strong></span> <span class='ocrx_word' id='word_1_221' title='bbox 908 3496 1046 3551; x_wconf 88' lang='lat' dir='ltr'><strong>oblivione</strong></span> <span class='ocrx_word' id='word_1_222' title='bbox 1065 3497 1122 3551; x_wconf 90' lang='lat' dir='ltr'><strong>sive</strong></span> <span class='ocrx_word' id='word_1_223' title='bbox 1140 3498 1313 3566; x_wconf 78' lang='lat' dir='ltr'><strong>ignoratione</strong></span> <span class='ocrx_word' id='word_1_224' title='bbox 1331 3515 1393 3550; x_wconf 89' lang='lat' dir='ltr'><strong>eora-</strong></span> <span class='ocrx_word' id='word_1_225' title='bbox 1466 3543 1467 3554; x_wconf 50' lang='lat'>2</span> 
     </span>
     <span class='ocr_line' id='line_1_29' title="bbox 266 3587 1467 3659; baseline -0.002 -18"><span class='ocrx_word' id='word_1_226' title='bbox 266 3589 444 3643; x_wconf 85' lang='lat' dir='ltr'><strong>mentationis</strong></span> <span class='ocrx_word' id='word_1_227' title='bbox 463 3607 549 3643; x_wconf 88' lang='lat' dir='ltr'><strong>meae.</strong></span> <span class='ocrx_word' id='word_1_228' title='bbox 570 3620 602 3626; x_wconf 95' lang='lat'>—</span> <span class='ocrx_word' id='word_1_229' title='bbox 627 3590 702 3642; x_wconf 88' lang='lat' dir='ltr'><strong>Meas</strong></span> <span class='ocrx_word' id='word_1_230' title='bbox 720 3590 749 3642; x_wconf 90' lang='lat' dir='ltr'><strong>in</strong></span> <span class='ocrx_word' id='word_1_231' title='bbox 767 3591 861 3658; x_wconf 87' lang='lat' dir='ltr'><strong>partes</strong></span> <span class='ocrx_word' id='word_1_232' title='bbox 880 3607 935 3643; x_wconf 90' lang='lat' dir='ltr'><strong>non</strong></span> <span class='ocrx_word' id='word_1_233' title='bbox 954 3589 1087 3643; x_wconf 87' lang='lat' dir='ltr'><strong>mediocri</strong></span> <span class='ocrx_word' id='word_1_234' title='bbox 1110 3607 1172 3643; x_wconf 88' lang='lat' dir='ltr'><strong>cum</strong></span> <span class='ocrx_word' id='word_1_235' title='bbox 1190 3593 1329 3659; x_wconf 85' lang='lat' dir='ltr'><strong>voluptate</strong></span> <span class='ocrx_word' id='word_1_236' title='bbox 1346 3587 1393 3640; x_wconf 80' lang='grc'><strong>11111</strong></span> <span class='ocrx_word' id='word_1_237' title='bbox 1466 3607 1467 3622; x_wconf 57' lang='lat'>¹</span> 
     </span>
     <span class='ocr_line' id='line_1_30' title="bbox 267 3681 1394 3738; baseline -0.002 -5"><span class='ocrx_word' id='word_1_238' title='bbox 267 3681 395 3734; x_wconf 79' lang='lat' dir='ltr'><strong>Carolum</strong></span> <span class='ocrx_word' id='word_1_239' title='bbox 414 3681 592 3735; x_wconf 85' lang='lat' dir='ltr'><strong>Sintenisiunr</strong></span> <span class='ocrx_word' id='word_1_240' title='bbox 612 3682 762 3735; x_wconf 83' lang='lat' dir='ltr'><strong>concedere</strong></span> <span class='ocrx_word' id='word_1_241' title='bbox 782 3681 862 3736; x_wconf 83' lang='lat' dir='ltr'><strong>editis</strong></span> <span class='ocrx_word' id='word_1_242' title='bbox 882 3681 1027 3735; x_wconf 85' lang='lat' dir='ltr'><strong>Servestae</strong></span> <span class='ocrx_word' id='word_1_243' title='bbox 1046 3682 1125 3736; x_wconf 87' lang='lat' dir='ltr'><strong>anuis</strong></span> <span class='ocrx_word' id='word_1_244' title='bbox 1150 3689 1223 3738; x_wconf 79' lang='grc'><strong>1856.</strong></span> <span class='ocrx_word' id='word_1_245' title='bbox 1248 3689 1318 3736; x_wconf 71' lang='grc'><strong>1868.</strong></span> <span class='ocrx_word' id='word_1_246' title='bbox 1338 3686 1394 3734; x_wconf 78' lang='grc'><strong>1865</strong></span> 
     </span>
     <span class='ocr_line' id='line_1_31' title="bbox 267 3773 1393 3844; baseline 0.005 -19"><span class='ocrx_word' id='word_1_247' title='bbox 267 3774 514 3827; x_wconf 82' lang='lat' dir='ltr'><strong>‘Emendationunr</strong></span> <span class='ocrx_word' id='word_1_248' title='bbox 533 3773 776 3841; x_wconf 77' lang='lat' dir='ltr'><strong>Dionysiacarum’</strong></span> <span class='ocrx_word' id='word_1_249' title='bbox 796 3773 944 3842; x_wconf 85' lang='lat' dir='ltr'><strong>specimine</strong></span> <span class='ocrx_word' id='word_1_250' title='bbox 963 3775 974 3826; x_wconf 95' lang='grc' dir='ltr'>Ι</span> <span class='ocrx_word' id='word_1_251' title='bbox 994 3777 1030 3843; x_wconf 89' lang='lat' dir='ltr'><strong>(p.</strong></span> <span class='ocrx_word' id='word_1_252' title='bbox 1045 3779 1082 3842; x_wconf 87' lang='lat'><strong>8),</strong></span> <span class='ocrx_word' id='word_1_253' title='bbox 1105 3776 1130 3827; x_wconf 95' lang='lat' dir='ltr'><strong>II</strong></span> <span class='ocrx_word' id='word_1_254' title='bbox 1149 3779 1187 3844; x_wconf 75' lang='lat' dir='ltr'><strong>(p.</strong></span> <span class='ocrx_word' id='word_1_255' title='bbox 1202 3779 1240 3842; x_wconf 85' lang='lat' dir='ltr'><strong>l),</strong></span> <span class='ocrx_word' id='word_1_256' title='bbox 1263 3775 1298 3828; x_wconf 90' lang='lat' dir='ltr'><strong>III</strong></span> <span class='ocrx_word' id='word_1_257' title='bbox 1317 3793 1351 3841; x_wconf 79' lang='lat' dir='ltr'><strong>-p</strong></span> <span class='ocrx_word' id='word_1_258' title='bbox 1366 3779 1393 3831; x_wconf 75' lang='lat' dir='ltr'><strong>l.</strong></span> 
     </span>
     <span class='ocr_line' id='line_1_32' title="bbox 267 3865 1466 3935; baseline -0.002 -17"><span class='ocrx_word' id='word_1_259' title='bbox 267 3866 409 3920; x_wconf 84' lang='lat' dir='ltr'><strong>doetrinae</strong></span> <span class='ocrx_word' id='word_1_260' title='bbox 428 3869 456 3918; x_wconf 90' lang='lat' dir='ltr'><strong>et</strong></span> <span class='ocrx_word' id='word_1_261' title='bbox 475 3867 608 3919; x_wconf 69' lang='lat' dir='ltr'><strong>airaiminis</strong></span> <span class='ocrx_word' id='word_1_262' title='bbox 632 3867 728 3935; x_wconf 87' lang='lat' dir='ltr'><strong>plenis.</strong></span> <span class='ocrx_word' id='word_1_263' title='bbox 770 3867 805 3918; x_wconf 80' lang='lat' dir='ltr'><strong>at</strong></span> <span class='ocrx_word' id='word_1_264' title='bbox 824 3867 973 3921; x_wconf 81' lang='lat' dir='ltr'><strong>novissimo</strong></span> <span class='ocrx_word' id='word_1_265' title='bbox 998 3867 1110 3935; x_wconf 88' lang='lat' dir='ltr'><strong>quidem</strong></span> <span class='ocrx_word' id='word_1_266' title='bbox 1132 3870 1193 3921; x_wconf 93' lang='lat' dir='ltr'><strong>loeo</strong></span> <span class='ocrx_word' id='word_1_267' title='bbox 1215 3871 1246 3920; x_wconf 91' lang='lat' dir='ltr'><strong>ut</strong></span> <span class='ocrx_word' id='word_1_268' title='bbox 1263 3865 1392 3920; x_wconf 72' lang='lat' dir='ltr'><strong>Vrbinia·¹</strong></span> <span class='ocrx_word' id='word_1_269' title='bbox 1465 3905 1466 3928; x_wconf 49' lang='lat'><em>2</em></span> 
     </span>
     <span class='ocr_line' id='line_1_33' title="bbox 267 3943 1466 4029; baseline -0.003 -17"><span class='ocrx_word' id='word_1_270' title='bbox 267 3959 426 4013; x_wconf 85' lang='lat' dir='ltr'><strong>calidiorem</strong></span> <span class='ocrx_word' id='word_1_271' title='bbox 454 3959 651 4012; x_wconf 74' lang='lat' dir='ltr'><strong>arhniratorcm</strong></span> <span class='ocrx_word' id='word_1_272' title='bbox 674 3958 884 4027; x_wconf 81' lang='lat' dir='ltr'><strong>liiesslingium,</strong></span> <span class='ocrx_word' id='word_1_273' title='bbox 911 3959 951 4013; x_wconf 90' lang='lat' dir='ltr'><strong>ita</strong></span> <span class='ocrx_word' id='word_1_274' title='bbox 973 3961 1066 4029; x_wconf 88' lang='lat' dir='ltr'><strong>paullo</strong></span> <span class='ocrx_word' id='word_1_275' title='bbox 1089 3961 1257 4015; x_wconf 82' lang='lat' dir='ltr'><strong>tenaciorem</strong></span> <span class='ocrx_word' id='word_1_276' title='bbox 1283 3955 1392 4012; x_wconf 71' lang='lat' dir='ltr'><strong>Cliniam</strong></span> <span class='ocrx_word' id='word_1_277' title='bbox 1465 3943 1466 3987; x_wconf 80' lang='lat' dir='ltr'><strong>l</strong></span> 
     </span>
     <span class='ocr_line' id='line_1_34' title="bbox 267 4051 1386 4121; baseline -0.002 -17"><span class='ocrx_word' id='word_1_278' title='bbox 267 4056 415 4120; x_wconf 86' lang='lat' dir='ltr'><strong>patronum</strong></span> <span class='ocrx_word' id='word_1_279' title='bbox 445 4053 633 4105; x_wconf 84' lang='lat' dir='ltr'><strong>IIernrannum</strong></span> <span class='ocrx_word' id='word_1_280' title='bbox 664 4051 815 4120; x_wconf 86' lang='lat' dir='ltr'><strong>Sauppium</strong></span> <span class='ocrx_word' id='word_1_281' title='bbox 846 4052 944 4115; x_wconf 81' lang='lat' dir='ltr'><strong>(Nuat.</strong></span> <span class='ocrx_word' id='word_1_282' title='bbox 974 4053 1100 4121; x_wconf 79' lang='lat' dir='ltr'><strong>cotting.</strong></span> <span class='ocrx_word' id='word_1_283' title='bbox 1133 4071 1158 4106; x_wconf 92' lang='lat' dir='ltr'><strong>a.</strong></span> <span class='ocrx_word' id='word_1_284' title='bbox 1186 4060 1246 4107; x_wconf 82' lang='grc'><strong>1861</strong></span> <span class='ocrx_word' id='word_1_285' title='bbox 1274 4071 1307 4104; x_wconf 86' lang='lat' dir='ltr'><strong>ra.</strong></span> <span class='ocrx_word' id='word_1_286' title='bbox 1332 4051 1386 4103; x_wconf 78' lang='lat' dir='ltr'><strong>Nor</strong></span> 
     </span>
     <span class='ocr_line' id='line_1_35' title="bbox 268 4141 1393 4215; baseline -0.006 -18"><span class='ocrx_word' id='word_1_287' title='bbox 268 4163 294 4212; x_wconf 94' lang='lat' dir='ltr'><strong>p.</strong></span> <span class='ocrx_word' id='word_1_288' title='bbox 317 4152 376 4197; x_wconf 79' lang='grc'><strong>1811</strong></span> <span class='ocrx_word' id='word_1_289' title='bbox 399 4153 470 4211; x_wconf 67' lang='lat' dir='ltr'><strong>aqut</strong></span> <span class='ocrx_word' id='word_1_290' title='bbox 489 4145 703 4214; x_wconf 83' lang='lat' dir='ltr'><strong>prrnlentissimo</strong></span> <span class='ocrx_word' id='word_1_291' title='bbox 723 4147 753 4197; x_wconf 88' lang='lat' dir='ltr'><strong>at</strong></span> <span class='ocrx_word' id='word_1_292' title='bbox 771 4144 850 4197; x_wconf 85' lang='lat' dir='ltr'><strong>nobis</strong></span> <span class='ocrx_word' id='word_1_293' title='bbox 869 4145 978 4198; x_wconf 86' lang='lat' dir='ltr'><strong>ridetur</strong></span> <span class='ocrx_word' id='word_1_294' title='bbox 996 4145 1095 4199; x_wconf 90' lang='lat' dir='ltr'><strong>iudicio</strong></span> <span class='ocrx_word' id='word_1_295' title='bbox 1114 4146 1292 4215; x_wconf 76' lang='lat' dir='ltr'><strong>impugnant.</strong></span> <span class='ocrx_word' id='word_1_296' title='bbox 1323 4141 1393 4194; x_wconf 63' lang='lat' dir='ltr'><strong>I‘mlc</strong></span> 
     </span>
     <span class='ocr_line' id='line_1_36' title="bbox 268 4235 1393 4307; baseline -0.004 -19"><span class='ocrx_word' id='word_1_297' title='bbox 268 4254 437 4303; x_wconf 81' lang='lat' dir='ltr'><strong>consequens</strong></span> <span class='ocrx_word' id='word_1_298' title='bbox 457 4241 512 4303; x_wconf 86' lang='lat' dir='ltr'><strong>cst,</strong></span> <span class='ocrx_word' id='word_1_299' title='bbox 537 4241 567 4290; x_wconf 87' lang='lat' dir='ltr'><strong>ut</strong></span> <span class='ocrx_word' id='word_1_300' title='bbox 585 4237 706 4290; x_wconf 85' lang='lat' dir='ltr'><strong>mediam</strong></span> <span class='ocrx_word' id='word_1_301' title='bbox 725 4238 864 4304; x_wconf 88' lang='lat' dir='ltr'><strong>quandam</strong></span> <span class='ocrx_word' id='word_1_302' title='bbox 882 4237 956 4292; x_wconf 73' lang='lat' dir='ltr'><strong>riam</strong></span> <span class='ocrx_word' id='word_1_303' title='bbox 973 4237 1033 4306; x_wconf 83' lang='lat' dir='ltr'><strong>ipse</strong></span> <span class='ocrx_word' id='word_1_304' title='bbox 1051 4238 1237 4307; x_wconf 85' lang='lat' dir='ltr'><strong>amplectatur</strong></span> <span class='ocrx_word' id='word_1_305' title='bbox 1257 4237 1297 4290; x_wconf 81' lang='lat' dir='ltr'><strong>rix</strong></span> <span class='ocrx_word' id='word_1_306' title='bbox 1315 4235 1393 4287; x_wconf 81' lang='lat' dir='ltr'><strong>direr—</strong></span> 
     </span>
     <span class='ocr_line' id='line_1_37' title="bbox 269 4311 1465 4400; baseline 0.003 -20"><span class='ocrx_word' id='word_1_307' title='bbox 269 4347 328 4381; x_wconf 81' lang='lat' dir='ltr'><strong>sam</strong></span> <span class='ocrx_word' id='word_1_308' title='bbox 346 4329 382 4382; x_wconf 87' lang='lat' dir='ltr'><strong>ab</strong></span> <span class='ocrx_word' id='word_1_309' title='bbox 401 4347 434 4382; x_wconf 89' lang='lat' dir='ltr'><strong>ea</strong></span> <span class='ocrx_word' id='word_1_310' title='bbox 453 4347 535 4396; x_wconf 79' lang='lat' dir='ltr'><strong>qrram</strong></span> <span class='ocrx_word' id='word_1_311' title='bbox 555 4348 604 4382; x_wconf 78' lang='lat' dir='ltr'><strong>nos</strong></span> <span class='ocrx_word' id='word_1_312' title='bbox 624 4331 935 4400; x_wconf 76' lang='lat' dir='ltr'><strong>eorrrnrendaverarnrrs.]</strong></span> <span class='ocrx_word' id='word_1_313' title='bbox 1464 4311 1465 4326; x_wconf 33' lang='lat' dir='ltr'><strong>i</strong></span> 
     </span>
    </p>
   </div>
   <div class='ocr_carea' id='block_1_7' title="bbox 0 0 1498 5132">
    <p class='ocr_par' dir='ltr' id='par_1_7' title="bbox 0 0 1498 5132">
     <span class='ocr_line' id='line_1_38' title="bbox 0 0 1498 5132; baseline 0 0"><span class='ocrx_word' id='word_1_314' title='bbox 0 0 1498 5132; x_wconf 95' lang='lat' dir='ltr'><strong> </strong></span> 
     </span>
    </p>
   </div>
  </div>
 </body>
</html>
