2942 5134
452 396 573 448 ouorrr
596 395 759 450 coaeum.
1110 380 1170 448 401

53 555 121 619 dior.
152 553 218 629 Qua
240 551 366 638 quidem
388 553 482 616 laude
504 550 701 637 propositum
724 551 1002 618 eSehneidewino
1023 555 1173 634 νεώρηε

53 666 150 750 [urigo
170 666 306 748 νεωρήε)
330 685 531 748 nequaquam
551 685 712 746 ornemus,
736 663 884 748 quodid,
908 663 961 726 vix
984 661 1132 728 differens
1155 689 1174 728 a

52 778 179 856 νέορτοε,
202 773 423 838 tantummodo
445 773 484 837 de
499 774 592 837 rebus
615 774 735 838 dietum
758 795 826 837 esse
848 773 973 837 videtur
994 777 1030 837 ut
1051 777 1175 856 νεώρηε

52 887 226 964 βόότρνχοε,
253 886 360 966 φόβοε
386 886 525 964 νεώρηε,
553 891 674 963 νεῶρεε
701 889 805 962 πῆμα,
840 883 878 946 de
905 883 1087 948 hominibus
1109 907 1174 950 non

52 995 127 1077 item,
150 993 290 1057 omnium
305 996 411 1057 autem
433 993 565 1057 minime
586 993 626 1057 de
648 992 830 1057 hominibus
852 993 1017 1057 iuventute
1039 987 1174 1053 valenti-

52 1105 109 1167 bus.
151 1103 240 1167 Idem
268 1103 352 1168 haud
381 1103 475 1167 dubie
497 1103 531 1166 in
554 1105 723 1184 νεοχμόε
747 1103 843 1185 eadit,
868 1103 903 1166 in
925 1101 1008 1186 quod
1030 1101 1175 1166 novimus

51 1214 95 1298 qui
120 1213 289 1278 incideret:
326 1235 401 1276 nam
429 1215 523 1293 Ἀρηε
546 1215 683 1294 νεοχμὸε
705 1215 850 1292 ἐμπεεὼν
873 1219 996 1297 ετρατῷ
1024 1211 1111 1276 Ionis
1133 1211 1174 1275 fr.

50 1325 83 1387 63
102 1336 133 1407 p.
156 1325 216 1389 577
239 1323 281 1387 Ν.
310 1345 377 1388 non
406 1326 453 1386 est
481 1323 625 1408 profecte
652 1323 733 1386 alius
761 1323 823 1386 nisi
851 1325 926 1388 νέοε
955 1324 1111 1406 πόλεμοι,
1141 1322 1185 1384 iu·

51 1434 206 1518 Antigona
229 1436 336 1497 autem
358 1431 524 1516 Sophoclis
547 1432 600 1517 qui
622 1431 785 1496 ferebatur
808 1455 836 1496 v.
864 1433 923 1497 156
947 1434 1089 1513 βαειλεὺε
1111 1434 1174 1511 χώ-

50 1565 97 1622 ρα(
122 1544 229 1623 Κρέων
253 1543 473 1610 ὁΜενοικέωε
495 1543 632 1622 νεοχμὸε
655 1547 795 1623 νεαραῑει
817 1547 902 1608 θεῶν
925 1543 977 1606 ἐπὶ
998 1541 1175 1622 ευντοχίωε

49 1657 166 1735 χωρῶν,
190 1655 223 1716 et
244 1674 356 1716 reeens
378 1652 483 1736 potius
505 1641 601 1736 quam
623 1652 746 1716 iuvenis
769 1651 1028 1735 interpretandus
1052 1654 1122 1715 erat
1144 1655 1177 1714 et

48 1763 135 1826 cessit
155 1783 241 1826 nune
263 1762 422 1846 probabili
445 1761 602 1826 Dindorfii
625 1761 842 1825 emendationi
865 1765 1026 1842 νεοχμοῑει
1050 1789 1080 1796 -
1104 1781 1175 1826 cuv·

47 1875 171 1953 τυχίαιε,
208 1872 241 1936 id
278 1873 361 1956 quod
398 1873 467 1956 ipso
503 1876 642 1950 νεαραῑει
685 1871 876 1956 glossemate
913 1873 1079 1956 expulsum
1115 1875 1173 1936 est.
1195 1885 1243 1934 νιιι

47 1983 207 2046 t'imillimo
229 1985 397 2066 perspecte
419 1981 611 2065 glossemate
634 1983 778 2068 (νεαρᾶε)
806 1983 847 2045 ab
879 1979 988 2046 eodem
1010 1981 1176 2046 Dindorfio

47 2093 76 2156 iu
97 2092 173 2156 Oed.
198 2091 266 2157 Uol.
289 2115 319 2154 v.
340 2091 404 2156 475
425 2089 609 2154 restitutum
631 2091 699 2155 oldt
722 2094 860 2158 νεαλοῦε
881 2113 1011 2156 monere
1033 2092 1072 2156 de
1094 2112 1176 2158 νεα-

46 2205 106 2281 λήε
127 2223 204 2266 voce
226 2205 343 2285 potest.
387 2199 472 2264 Nem
495 2200 553 2264 etsi
577 2199 643 2264 illio
665 2222 743 2264 sane
765 2222 830 2264 non
854 2201 918 2264 alia
940 2201 1004 2265 nisi
1025 2200 1175 2266 ‘novelle'
1234 2227 1243 2244 .

46 2313 106 2374 ovis
122 2311 293 2395 cogitatur,
316 2329 376 2374 neo
398 2309 475 2374 alibi
498 2309 584 2373 aliud
606 2309 668 2373 nisi
691 2315 862 2374 ‘recenset
879 2310 1064 2395 integrum’,
1089 2312 1176 2375 velut

46 2444 110 2484 eum
131 2421 227 2486 ἵπποι
247 2421 298 2483 vel
325 2422 472 2499 πολέμιοι
499 2419 566 2484 sive
593 2425 778 2500 ετρατιιΐιτω
804 2423 928 2487 νεαλεῑε
956 2421 1006 2485 καὶ
1034 2421 1176 2501 ἀκέραιοι

45 2531 91 2593 vel
129 2532 278 2610 ἀήττητοι
315 2529 464 2594 dicuntur
498 2529 573 2614 (quo
606 2529 704 2593 etiam
737 2529 960 2612 Xenophontis
997 2530 1177 2614 exemplum

44 2639 368 2723 (tyrop.VlII,6,17
392 2639 543 2724 pertinet,
567 2660 632 2703 non
654 2643 740 2702 reete
762 2639 804 2702 ad
826 2645 885 2704 τοῦ
908 2641 986 2705 νέου
1008 2641 1058 2706 καὶ
1080 2639 1174 2721 άκμά·

42 2756 155 2816 {orror
187 2749 352 2814 notionem
381 2749 563 2812 traductum
590 2771 609 2812 a
633 2747 772 2834 Berglrio
799 2748 835 2814 in
863 2749 1029 2833 Aristoph.
1058 2751 1176 2836 fragm.

43 2882 72 2942 p.
99 2861 209 2946 llOl):
243 2863 353 2923 tamen
375 2858 428 2922 rix
451 2859 550 2922 ullum
577 2857 772 2922 dubitationi
799 2858 905 2924 locum
931 2859 1085 2944 relinquit
1107 2861 1178 2924 nri-

42 2969 206 3052 stophanis
235 2969 270 3032 in
291 2969 432 3033 Lemniis
459 2991 567 3032 versus
594 2968 683 3052 apud,
706 2967 856 3034 Photium
882 2991 914 3053 p.
938 2970 1017 3053 290,
1049 2971 1087 3034 16
1114 2973 1178 3037 ἕωε

41 3082 155 3158 redirit
182 3081 265 3145 ἐετιν
288 3080 388 3159 αὐτὴν
415 3083 472 3158 τὴν
500 3079 617 3159 ἀκμήν,
650 3100 712 3163 quo
744 3078 808 3143 iam
836 3079 1013 3144 Lobeolrius
1041 3103 1115 3144 usus
1144 3083 1178 3146 in

42 3187 160 3271 Phryn.
183 3211 216 3274 p.
240 3189 314 3254 375.
360 3187 405 3252 Vt
426 3190 526 3252 multo
548 3189 663 3252 saltem
684 3189 881 3271 probabilius
904 3189 943 3253 de
965 3189 1026 3254 hoe
1049 3191 1178 3256 nomine

41 3321 137 3381 quam
157 3300 197 3364 de
211 3299 367 3366 νεάζων
390 3292 559 3382 participio
583 3320 652 3362 eum
669 3297 912 3364 Schneidewino
928 3301 1061 3384 cogites,
1092 3300 1178 3366 Nam

41 3411 168 3472 etcum
194 3412 232 3475 τὸ
254 3411 371 3474 νεάζον
399 3407 551 3471 Deianira
579 3407 658 3472 dicit
685 3407 836 3472 Trachin.
864 3411 925 3472 114
951 3410 984 3474 h.
1014 3433 1040 3474 e.
1071 3413 1090 3492 ἡ
1120 3415 1178 3478 νέα

38 3519 145 3596 ἡλικία
167 3518 340 3583 scholiasta
362 3517 547 3601 interprete,
578 3521 703 3582 etcum
726 3518 903 3582 Menander
926 3521 970 3584 ὼε
992 3522 1051 3600 ἡδὺ
1075 3527 1178 3606 πρᾷοε

39 3631 91 3691 καὶ
121 3631 245 3696 νεάζων
271 3636 319 3715 τῷ
348 3629 460 3713 τρόπῳ
488 3629 592 3707 πατήρ
618 3628 659 3691 fr.
686 3629 746 3692 190
774 3627 882 3713 (191),
918 3627 1179 3698 'iuvenescendi’

38 3735 133 3799 notio
156 3739 260 3802 subest
281 3738 332 3802 vel
356 3736 591 3801 ‘adulescendi'
622 3738 730 3821 (atque
755 3736 1002 3800 ‘adulescentem
1025 3735 1179 3800 moribus’

38 3846 73 3908 in
99 3846 196 3910 simili
217 3845 427 3911 Menandriee
449 3847 609 3910 sententia
633 3847 763 3910 Plautus
786 3846 868 3910 dixit
890 3845 958 3910 Mil.
983 3845 1063 3930 glor.
1086 3846 1179 3928 een:

36 3954 129 4018 unde
157 3956 193 4019 fit
211 3961 246 4022 ut
272 3957 515 4038 μειρακιεύετθάι
543 3958 638 4021 verbo
667 3959 788 4021 veteres
816 3957 1008 4040 interpretes
1035 3958 1178 4036 utantur,

37 4085 217 4146 numquam
247 4067 292 4131 eis
319 4067 433 4152 quibus
461 4069 577 4152 vegete
604 4070 636 4129 et
663 4067 792 4130 robusta
822 4067 970 4130 iuventus
1000 4064 1181 4128 declaratur

36 4172 71 4236 h.
99 4195 132 4235 e.
164 4175 210 4238 vel
235 4177 314 4258 ἡβᾶν
341 4178 393 4242 vel
422 4177 579 4257 ἀκμάζειν.
624 4174 706 4252 Eam
739 4179 846 4240 autem
879 4175 983 4260 ipsam
1016 4174 1181 4240 notionem

35 4281 170 4364 requiri
194 4287 227 4348 ut
246 4287 327 4370 quod
349 4287 487 4351 maxime
509 4285 692 4350 Dindorfiue
721 4287 822 4350 sensit
849 4285 1023 4350 verissime.
1069 4285 1181 4370 Itaque

35 4410 164 4452 omnes
194 4393 264 4458 huie
290 4417 439 4460 numeros
467 4394 611 4458 veritatis
639 4395 755 4458 habere
789 4395 868 4458 haee
901 4395 1083 4459 emendatio
1116 4397 1182 4461 visu

96 4507 150 4542 ra.
170 4509 324 4550 arrrcaurrr
345 4513 492 4550 orusouur
512 4515 531 4554 ι,
937 4499 978 4560 211
