3052 5136
482 392 642 442 senense
664 392 836 440 carmena.
1167 373 1228 438 713

178 545 215 608 Iu
243 545 417 610 ciusdem
444 545 605 610 fabulae
628 547 715 610 exitu
737 567 817 630 quae
839 544 901 608 duo
923 547 998 608 emit
1020 543 1226 626 hemiclroria,

100 677 200 718 eorum
222 654 364 719 nondum
387 656 534 720 restituta
562 659 611 720 est
632 655 813 740 integritas.
858 655 994 719 Versum
1016 659 1122 718 autem
1147 655 1227 718 1058

99 765 201 853 [1052]
236 765 296 830 etsi
324 766 486 849 praeclare
514 765 627 830 Petrus
654 755 824 828 Elmsleius
858 764 1018 850 supplevit
1050 764 1158 826 adnot.
1187 763 1227 826 ad

98 873 255 958 Euripidis
278 875 408 939 Medeae
432 898 460 940 v.
481 875 579 940 1224:
602 875 708 955 δράτω
731 897 765 942 τι
786 875 900 939 πόλι(
922 911 975 958 -,
997 877 1108 937 tamen
1130 873 1227 936 etiam

98 985 272 1068 memorem
293 985 453 1070 quandam
476 985 596 1050 inillis
619 1007 687 1049 esse
708 985 857 1048 lacunam
883 983 1013 1049 alterius
1041 982 1228 1047 hemichorii

98 1093 309 1180 discrepantia
334 1095 497 1178 arguitur,
526 1094 609 1179 quod
636 1117 700 1158 una
728 1095 935 1178 anapaestica
961 1093 1091 1177 dipodia
1114 1093 1227 1176 prioris

97 1203 274 1287 systematis
301 1205 456 1269 ambitum
492 1204 626 1270 excedit.
677 1203 854 1294 Reputsnti
887 1207 993 1268 autem
1025 1201 1119 1284 mihi,
1153 1201 1228 1287 quid

97 1311 199 1378 deesse
221 1314 382 1378 videretur
404 1314 444 1378 ad
467 1315 700 1380 sententianmr
723 1313 937 1395 intellectum,
967 1313 1045 1376 adeo
1067 1311 1229 1394 displicuit

96 1444 124 1484 v.
147 1423 224 1486 1061
252 1421 357 1512 [1055]
387 1423 575 1508 simpliciter
595 1425 732 1510 positum
754 1429 866 1506 γενεᾷ,
890 1426 925 1485 ut
949 1421 1099 1487 continuo
1122 1443 1229 1485 cense-

98 1553 158 1594 rem
178 1531 240 1597 hoc
262 1535 298 1598 in
319 1534 388 1598 loco
412 1534 611 1599 intercidisse
633 1533 764 1618 aliquid,
788 1532 870 1618 quod
893 1531 1082 1596 monometri
1104 1553 1228 1594 mensu·

97 1663 160 1704 ram
187 1648 349 1727 aequaret.
395 1644 479 1708 Nam
508 1644 588 1729 qued
618 1643 809 1708 scholiastae
838 1643 872 1706 in
899 1645 1040 1706 mentem
1068 1640 1157 1704 venit
1184 1639 1229 1702 sic

96 1750 273 1818 adnotanti:
307 1755 415 1840 γενεᾷ]
439 1761 476 1840 τῇ
500 1755 703 1840 ἀνθρωπίνῃ,
731 1753 764 1816 id
787 1751 1016 1817 alienissimum
1039 1755 1087 1814 est
1109 1773 1128 1814 a
1151 1750 1229 1813 veri-

96 1864 168 1925 tate.
214 1863 447 1928 Inveniendum
470 1868 518 1928 est
545 1864 644 1948 igitur
667 1863 803 1947 aliquid,
832 1885 893 1946 quo
921 1865 953 1925 et
980 1861 1159 1924 sententiae
1182 1859 1228 1922 in-

95 1971 227 2054 tegritas
249 1973 437 2038 restituatur
459 1977 491 2038 et
514 1975 713 2057 cormptelae
742 1975 815 2038 fons
837 1975 1003 2055 appareat.
1044 1969 1122 2034 Eius
1144 1967 1229 2032 modi

96 2083 197 2144 autem
220 2082 313 2146 credo
335 2083 419 2148 banc
442 2105 510 2147 esse
532 2085 739 2168 scripturam:

240 2219 328 2296 teste
349 2219 406 2298 μὲν
428 2219 498 2299 ἴμεν
521 2221 571 2284 καὶ
592 2221 798 2300 ευνθάψομεν

242 2326 311 2394 αίδε
332 2331 536 2408 προπομποί·
563 2331 613 2394 καὶ
634 2329 696 2408 γὰρ
717 2333 833 2412 γενεᾷ

332 2443 375 2522 τῇ
400 2439 680 2524 Καδμογενεῑ*)

239 2547 352 2613 κοινὸν
373 2549 445 2614 τόδ’
466 2550 555 2632 ἄχος,
580 2551 629 2614 καὶ
651 2550 743 2614 πόλι(
766 2549 874 2614 ἄλλως

168 2668 171 2674 “
290 2657 405 2722 ἄλλοτ’
427 2659 553 2725 ἐπαινεῖ
573 2659 613 2725 τὰ
635 2659 746 2724 δίκαια

93 2787 243 2872 Apprime
266 2791 353 2856 enim
374 2793 547 2877 respondet
569 2793 704 2856 alterum
728 2795 883 2876 systema:

237 2927 316 3006 μετὰ
336 2929 399 3008 γὰρ
420 2929 562 3008 μάκαρα(
583 2931 634 2994 καὶ
656 2930 738 2994 Διὸ(
761 2927 848 3009 lexin

239 3037 296 3103 ὅδε
321 3038 484 3119 Καδμείων
507 3040 602 3119 ἤρυξε
625 3040 721 3104 πόλιν

330 3150 371 3228 μὴ
395 3149 608 3229 ’νατραπῆναγ

240 3259 315 3336 μηδ’
337 3257 535 3324 ἀλλοδαπῶν
556 3260 667 3338 κύματι
689 3262 813 3339 φωτῶν

285 3371 533 3446 κατακλυεθῆναι
555 3369 734 3448 ταμάλιετα.

94 3514 219 3580 Etenim
242 3518 320 3582 illud
342 3518 406 3584 diei
428 3541 557 3584 necesse
581 3525 645 3602 cst,
671 3542 870 3583 communem
892 3543 960 3582 esse
983 3517 1125 3582 omnium
1147 3517 1227 3582 The-

95 3624 245 3690 banorum
268 3629 365 3692 istum
387 3630 517 3712 luctum,
542 3630 692 3714 quoniam
709 3630 769 3694 hoc
785 3633 974 3714 argumente
996 3629 1111 3692 nititur
1133 3633 1227 3712 atryuc

93 3740 256 3800 excusatur
284 3738 372 3802 chori
400 3740 568 3804 consilium
598 3742 779 3823 sepulturae
809 3739 928 3802 honore
953 3737 1133 3822 Polynicen
1159 3739 1227 3802 at'fi·

95 3843 205 3909 ciendi.
241 3849 442 3930 Καδμογενή(
465 3849 657 3914 adieetivum
680 3851 792 3914 cadem
814 3849 845 3913 vi
867 3849 1005 3932 positum
1028 3853 1077 3912 est
1099 3847 1228 3930 Septem

90 3953 128 4015 ad
151 3953 273 4020 Thebas
297 3980 326 4022 v.
350 3959 429 4025 285:
452 3962 548 4028 πόλιν
570 3963 619 4026 καί
641 3963 777 4042 ετρατόν
802 3961 987 4040 Καδμογενῆ
1012 3959 1130 4038 ῥύεεθε.
1168 3957 1227 4020 Illo
1332 3959 1337 3972 '

90 4065 194 4128 autem
214 4065 285 4130 lusu
307 4069 512 4154 syllabarum,
536 4071 591 4155 qui
613 4071 755 4135 cernitur
777 4071 811 4136 in
834 4070 939 4134 verbis
960 4074 1081 4150 γενεᾷ
1105 4068 1228 4146 Καδμο-

93 4219 282 4231 —--.-—.......

156 4311 179 4378 *)
203 4313 274 4382 [Non
296 4315 424 4383 profecto
447 4333 492 4369 me
521 4315 649 4385 fugiebat
672 4315 757 4370 etiam
786 4323 821 4385 τῇ
847 4317 992 4382 Καδμείων
1024 4313 1112 4370 conici
1141 4333 1223 4384 posse

90 4401 164 4466 duod
181 4421 233 4459 non
251 4406 396 4476 displicere
415 4407 468 4462 sibi
486 4409 662 4464 Hermannus
682 4409 839 4478 significat]
