2942 5134
302 346 365 427 38ss
626 375 655 426 ο.
680 373 825 427 amaron
848 371 1120 428 auuunlrrouas

304 529 445 616 aeirmgi‚
486 529 569 616 quod
598 529 738 616 sequitur
766 529 909 616 proximo
939 551 1047 616 verso,
1081 532 1207 598 πόνων.
1251 523 1329 606 Quod
1351 549 1401 592 cum

304 665 363 706 neo
378 643 573 706 sententiam
588 664 647 706 nec
662 645 855 707 structuram
877 643 1121 726 grammaticam
1144 643 1272 725 planam
1291 641 1401 718 haberet,

303 753 426 836 insigni
448 753 580 816 leuitate
608 753 649 815 ab
672 753 846 816 editoribus
868 752 1057 835 quibusdam
1084 773 1212 834 prorsus
1234 755 1279 814 est
1299 771 1403 832 expmc·

304 865 383 944 tum,
407 885 467 926 uec
489 864 604 928 πόνων
626 862 743 945 solum,
774 862 828 925 sed
851 863 948 925 etiam
969 864 1081 941 γάμων
1103 863 1139 924 in
1160 860 1288 944 stropha
1306 883 1331 922 ν.
1350 860 1404 921 alh,

304 973 376 1035 Non
401 977 449 1035 est
477 976 583 1035 autem
610 972 863 1056 neglegendum,
893 972 927 1035 in
950 971 1070 1035 Aldina
1098 971 1162 1054 legi
1191 973 1225 1035 δ’
1246 971 1406 1046 ἁπτομένην,

303 1082 336 1144 in
360 1104 423 1144 uno
446 1086 553 1144 autem
576 1081 791 1145 Vauvilliersii
816 1081 923 1145 codice
945 1083 1044 1162 γάμοι
1079 1103 1160 1164 quae
1183 1080 1237 1143 ubi
1258 1083 1335 1143 recte
1354 1099 1407 1141 cou-

305 1191 456 1273 iunxeris,
481 1191 651 1274 pristinam
674 1191 787 1254 horum
810 1213 957 1254 versuum
978 1192 1114 1255 formam
1136 1191 1220 1254 hanc.
1242 1189 1346 1252 hebes:

547 1349 653 1424 ταρβῶ
677 1347 738 1424 γὰρ
762 1344 980 1423 ἀττεργάνορα
1003 1344 1176 1422 παρθενίαν

548 1452 695 1533 εἰτορῶε’
718 1456 795 1518 'loric
818 1455 943 1533 γάμον
966 1455 1192 1532 ἁπτομέναν

549 1566 741 1629 haraldum(
763 1567 863 1642 Ἥρα(
886 1565 1043 1628 ἀλατείαις
1065 1565 1186 1629 πόνων.

305 1742 472 1805 Sententia
494 1741 573 1804 haec
596 1745 662 1823 est,
696 1746 731 1805 ut
753 1741 789 1805 Ιο
812 1743 951 1824 dicatur,
987 1741 1069 1824 quod
1098 1740 1215 1803 attinet
1244 1739 1284 1802 ad
1311 1737 1411 1820 nuptias

305 1873 375 1913 cum
391 1851 465 1913 love
488 1874 560 1914 suas
585 1851 727 1936 (γάμον),
752 1852 896 1936 alligata,
922 1851 1076 1914 adstricta
1092 1871 1159 1914 esse
1175 1849 1319 1931 miseriis,
1340 1848 1412 1910 ἁπτο

303 1963 383 2038 μένα
405 1962 518 2026 πόνων
541 1960 573 2024 h.
594 1983 621 2024 e.
646 1984 728 2024 nexa
745 1984 761 2024 e
776 1961 926 2025 miseriis:
950 1961 1061 2024 eodem
1084 1959 1289 2042 comparandi
1311 1975 1412 2042 genere.

304 2092 365 2152 quo
387 2093 416 2132 v.
440 2071 504 2134 580
525 2070 563 2133 de
586 2071 696 2134 eadem
718 2093 753 2134 re
775 2073 913 2154 positum
942 2075 990 2134 eet
1016 2071 1174 2149 πημοναῑ(
1200 2068 1413 2146 ἑνεζεοῐμένον.

304 2184 336 2242 et
366 2179 404 2242 de
435 2180 625 2243 Prometheo
660 2182 810 2257 ἀνάγκαι(
843 2183 1079 2259 ὑπεζευγμένον
1109 2203 1138 2242 v.
1171 2180 1232 2243 108
1239 2229 1248 2261 ,
1280 2178 1327 2242 vel
1351 2171 1413 2258 apul

304 2288 491 2371 Sophoclem
518 2292 629 2368 γάμων
652 2292 800 2370 ἐνέδηεεν
823 2291 883 2372 ἄτᾳ
912 2291 989 2355 Oed.
1014 2290 1081 2355 Col.
1104 2291 1183 2372 517,
1212 2293 1250 2351 ut
1271 2285 1414 2351 Homerica

304 2399 474 2462 mittantur
496 2401 695 2484 pervulgata.
741 2423 777 2480 με
799 2401 921 2483 syllaba
944 2400 1119 2482 scripturae
1141 2398 1279 2462 Aldinae
1301 2401 1363 2460 orta
1382 2404 1414 2455 est

304 2531 342 2570 ex
365 2531 405 2587 μο
427 2510 653 2572 terminatione
676 2511 890 2593 superscripta
911 2510 967 2572 illa
989 2511 1081 2593 γάμῳ
1104 2508 1222 2571 dativa.

388 2617 427 2680 V.
453 2619 631 2682 903-908.
677 2619 909 2682 Difficillimam
936 2618 1020 2682 hanc
1043 2618 1229 2702 tragoediae
1251 2615 1414 2700 particular

304 2727 560 2811 redintegraturo
582 2730 756 2792 tenendmn
778 2729 837 2792 hoc
860 2732 918 2810 est,
943 2750 1035 2790 omne
1051 2729 1110 2791 hoc
1127 2750 1256 2792 carnren
1280 2726 1416 2790 chorium

303 2838 483 2900 necessario
506 2860 574 2901 esse
597 2839 873 2921 antistrophicum.
905 2838 1035 2900 Etenim
1051 2859 1122 2900 cum
1138 2837 1199 2900 (luo
1215 2838 1297 2921 siut,
1319 2859 1355 2898 er
1368 2833 1416 2916 qui·

304 2948 361 3009 buo
378 2951 499 3010 certum
521 2948 670 3012 iudicium
693 2949 750 3010 fiat
774 2949 812 3012 cle
836 2948 1029 3010 carminibus
1045 2970 1109 3010 non
1126 2948 1167 3010 ab
1182 2949 1328 3010 universo
1344 2945 1418 3008 chau·

305 3058 514 3120 communiter
542 3060 696 3139 cantatur,
731 3063 787 3121 aut
813 3058 961 3141 repetitio
990 3056 1161 3120 earundem
1196 3057 1417 3120 sententiarum.

304 3171 359 3228 aut
387 3167 583 3230 diversarum
610 3169 840 3252 repugnantia:
880 3171 947 3229 tum
975 3166 1037 3230 hac
1064 3167 1192 3250 quidem
1224 3165 1417 3231 cantiuncula.

304 3299 383 3358 quae
412 3282 460 3340 est
482 3300 501 3338 a
524 3301 553 3339 ν,
578 3278 640 3340 903
663 3280 701 3340 acl
726 3279 804 3359 998,
834 3277 916 3339 nihil
943 3277 1010 3339 fere
1039 3277 1198 3359 prolatum
1220 3279 1323 3359 videa,
1355 3270 1418 3358 qual

304 3408 368 3448 non
397 3387 501 3468 priore
530 3387 586 3448 illo
615 3387 756 3449 carmine
789 3388 832 3470 (ν.
857 3387 1039 3469 8894899)
1073 3387 1150 3449 item
1178 3388 1419 3470 comprehensim

302 3496 354 3557 sit.
387 3495 469 3557 Nam
486 3518 566 3578 qnae
587 3497 620 3558 in
643 3496 748 3578 priore
771 3497 902 3579 stropha
925 3497 1054 3559 effertur
1075 3497 1260 3578 nuptiarum
1284 3515 1419 3560 commen-

303 3605 389 3667 rlatio
413 3606 590 3688 aequalium
598 3654 606 3686 ‚
642 3605 751 3668 eadem
780 3607 832 3668 hic
853 3607 936 3669 redit
958 3607 999 3669 ab
1022 3606 1130 3688 initi03
1164 3607 1249 3690 quod
1278 3610 1377 3670 autem
1396 3603 1419 3662 in

303 3714 504 3796 antistropha
526 3715 610 3776 lovis
633 3715 805 3777 aliorumve
833 3717 962 3778 ‹lcorum
990 3716 1190 3779 detestantur
1219 3739 1370 3782 amorem.
1398 3709 1420 3772 hl

302 3823 355 3885 hic
377 3825 413 3884 fit
435 3823 539 3886 verbis
561 3827 639 3903 μηδὲ
661 3827 852 3904 κρειττόνων
876 3848 902 3888 e.
920 3849 950 3909 q.
968 3848 993 3888 s,
1032 3825 1136 3908 Ergo,
1161 3827 1292 3908 quando
1315 3823 1420 3909 quiden

303 3932 424 3993 nullum
447 3932 499 3994 hic
522 3933 625 3996 locum
649 3957 685 3996 ea
709 3936 790 3996 ratio
813 3935 926 4018 hahet,
952 3938 986 3997 ut
1008 3935 1143 4017 singurlis
1166 3937 1314 4017 personis
1335 3931 1419 3997 distri-

304 4041 418 4103 lmahu·
446 4043 564 4126 oratio,
603 4045 804 4126 consequitur
838 4067 903 4107 non
932 4044 971 4106 ad
1005 4045 1130 4107 easdem
1166 4045 1254 4108 chori
1290 4061 1420 4129 personas

303 4172 393 4231 posse
417 4151 506 4234 haec,
531 4151 703 4234 dequibus
726 4155 861 4237 agimus,
886 4155 1056 4236 pertinere,
1081 4155 1231 4237 aquibus
1254 4157 1359 4238 priora
1379 4152 1420 4213 ilh

303 4260 346 4332 (ν.
371 4261 432 4322 889
456 4265 539 4342 sqq.)
569 4266 699 4324 cantata
727 4270 817 4346 sunt,
853 4264 907 4326 secl
930 4265 1024 4326 alteri
1046 4263 1242 4327 hemichorio
1266 4287 1334 4329 esse
1354 4263 1419 4325 ham

301 4372 436 4450 partem,
461 4370 552 4431 alteri
576 4375 680 4432 atatem
698 4373 933 4436 attribuendam
957 4375 1104 4456 priorem.
1135 4373 1223 4447 Quae
1246 4397 1318 4436 cum
1340 4369 1419 4434 niani·
