2990 5140
295 346 354 407 160
592 362 841 408 couomnruvu
866 360 1132 409 rusrvrnrrorus

292 537 406 598 graece
434 519 560 577 tautum
588 515 690 576 docto.
728 514 773 577 Vt
805 514 905 598 igitur
935 517 1146 596 revertamur,
1180 512 1262 576 unde
1296 512 1424 595 profecti

292 647 412 686 sumus:
447 624 528 708 quod
562 625 610 686 vel
644 647 710 687 esse
744 647 851 686 verum
881 623 929 686 vel
962 645 1053 706 posse
1086 645 1154 685 csse
1184 623 1222 685 de
1250 623 1424 706 Aegyptiis,

292 733 463 814 Hebraeis,
494 734 598 796 Persis
621 735 849 816 irrtellexin111S,
879 756 956 818 quos
979 733 1103 816 quidem
1127 733 1244 815 partim
1266 731 1425 815 Spmeellus

292 867 322 926 p.
347 845 453 907 2711)
475 844 592 926 partim
615 843 814 925 Epiphanius
837 844 875 906 de
898 843 993 926 pond.
1018 848 1051 906 et
1072 865 1173 906 mens.
1196 865 1224 906 c.
1246 843 1267 905 9
1290 843 1424 905 nomina·

291 953 349 1015 tim
383 957 646 1032 commemorant,
681 953 755 1035 quid
789 957 836 1016 est
866 975 920 1015 eur
954 975 1018 1016 non
1052 952 1148 1016 etiam
1176 953 1211 1015 in
1240 953 1423 1036 reliquoumi

292 1063 443 1145 quosdam
467 1085 537 1125 cum
559 1063 622 1124 illis
646 1063 898 1125 consociaturum
921 1063 1032 1125 cadere
1056 1063 1265 1127 concedamus
1289 1063 1425 1145 quamvis

291 1173 544 1235 testimoniorum
567 1172 628 1234 fide
651 1172 794 1234 destituti
802 1173 819 1233 ‘l

823 1434 896 1512 so.

528 1569 581 1632 De
604 1568 814 1631 Pisistrati
838 1568 942 1631 curis
964 1566 1197 1630 Homericis.

375 1721 617 1783 Transeundum
646 1725 694 1783 est
722 1721 761 1782 ad
790 1720 991 1803 quaestiones
1017 1717 1219 1782 Homericos:
1249 1720 1290 1781 de
1318 1721 1426 1802 quibus

292 1851 361 1890 eum
390 1833 445 1891 aut
475 1831 554 1892 nihil
578 1830 856 1893 eornmentaudum
885 1830 927 1892 sit
954 1833 1009 1891 aut
1037 1829 1118 1891 liber
1145 1829 1349 1910 scribendus,
1381 1830 1426 1892 hie¹

291 1938 416 2020 quidem
434 1941 738 2023 praetermittenms,
764 1961 969 2022 quaecunque
985 1940 1024 2002 ad
1046 1939 1148 2022 ipsam
1168 1939 1335 2002 historiam
1353 1939 1385 2002 h.
1402 1962 1425 2000 e.

291 2071 361 2110 eum
384 2049 524 2132 origines
547 2053 613 2111 trun
637 2050 870 2113 vicissitudines
894 2051 1070 2112 carminum
1093 2048 1335 2112 Homericorum
1363 2071 1426 2132 per·

290 2157 412 2220 tinent:
439 2159 565 2221 tametsi
589 2159 623 2220 in
646 2160 706 2222 hoc
728 2181 846 2243 genere
869 2163 901 2220 ct
923 2158 1124 2220 doctissimus
1147 2157 1370 2239 Nitaschius*)
1393 2181 1425 2220 ea

291 2271 402 2329 contra
431 2290 488 2330 nos
518 2290 619 2351 nuper
646 2269 835 2351 disputarit,
866 2268 978 2350 quibus
1006 2289 1121 2350 operae
1149 2268 1286 2350 pretium
1315 2269 1357 2330 sit
1384 2290 1425 2330 re

290 2377 445 2458 spondere
468 2379 661 2460 accuratius,
686 2381 718 2440 ct
737 2400 810 2440 vero
833 2381 884 2440 sat
905 2377 1004 2461 digna
1027 2381 1203 2439 memoratu
1226 2399 1282 2459 per
1306 2378 1424 2440 litteras

290 2486 534 2550 humanissimas
557 2488 705 2550 Lehrsius
729 2487 894 2550 nobiscum
918 2487 1174 2550 communicavit.
1213 2486 1424 2551 Subsistemus

289 2596 387 2678 igitur
420 2597 452 2658 in
487 2598 532 2660 eis
565 2593 657 2679 ip'sis,
692 2619 772 2678 quae
801 2618 817 2658 e
845 2596 961 2658 Taetaa
991 2595 1158 2659 Plautinus
1190 2596 1363 2660 scholiasta
1396 2605 1423 2658 el

290 2705 518 2786 grammaticus
552 2706 716 2769 Parisinus
750 2710 984 2788 excerpsenmt.
1040 2707 1090 2768 Ac
1123 2706 1162 2767 de
1195 2706 1326 2790 reliquis
1356 2729 1422 2769 eum

289 2815 367 2877 satis
390 2816 475 2878 iuter
495 2820 661 2898 utrumque
685 2816 870 2898 conveniat,
900 2837 998 2877 unmn
1020 2819 1069 2877 est
1091 2819 1233 2897 tantum,
1263 2816 1345 2898 quod
1372 2837 1423 2898 per

289 2947 322 2986 se
355 2925 563 3007 disceptahile
595 2926 695 2988 visum
729 2924 833 3008 magis
866 2928 1103 2987 controversum
1136 2924 1278 2987 redditur
1311 2946 1422 3008 graeco

289 3033 481 3096 testimonio,
526 3033 611 3097 Nam
639 3041 800 3116 Concplum
829 3056 899 3097 cum
930 3034 1116 3096 dixissemus
1146 3055 1214 3096 esse
1244 3039 1421 3114 Concdylam

289 3143 440 3224 aliquem:
465 3145 726 3225 qrromadruodum
743 3169 770 3207 v.
788 3147 830 3208 34
847 3151 1048 3208 Callinmclms
1063 3144 1213 3207 scribitur
1229 3148 1419 3207 Gallinaria:

289 3251 366 3313 illud
389 3275 505 3315 nomen
528 3277 568 3317 nc
596 3255 703 3338 graeci
732 3254 857 3336 quidem
885 3253 1039 3316 sermonis
1068 3253 1206 3336 speciem
1229 3253 1326 3316 ullam
1348 3274 1420 3336 prae

237 3377 268 3422 rr
289 3384 322 3423 sc
350 3362 432 3424 ferre
456 3362 680 3444 Bernhardpus
710 3363 875 3426 contendit
902 3387 932 3444 p.
959 3363 1032 3426 835.
1078 3363 1167 3436 Quod
1194 3363 1346 3426 iudicium
1372 3364 1418 3424 vir

289 3472 482 3552 exspectaris
506 3478 613 3535 atam
641 3473 734 3535 docto
762 3473 839 3534 viro.
885 3472 966 3545 Quid
994 3472 1079 3535 enim
1107 3473 1185 3535 illud
1213 3477 1262 3536 cst
1283 3473 1416 3548 tandem,

289 3601 345 3641 cur
378 3603 443 3644 nou
471 3583 610 3661 aadrxn
643 3583 760 3661 κόγχος
793 3585 878 3644 recte
906 3587 1001 3664 atque
1034 3581 1144 3644 ordine
1177 3583 1258 3646 fiant
1285 3584 1416 3662 κογχύλη

355 3809 379 3874 *l
400 3807 628 3874 l‘lleletematuur
652 3811 685 3863 de
709 3809 824 3862 historia
843 3809 956 3862 Homeri
978 3812 1043 3861 tirso.
1063 3809 1087 3860 ll
1107 3827 1206 3864 comm.
1225 3809 1263 3862 lV
1281 3810 1415 3880 particula

287 3900 313 3950 in
334 3917 388 3965 qua
406 3900 562 3968 disputatur
582 3902 615 3954 de
631 3901 775 3955 Pisistrato
788 3902 995 3955 Homerieorum
1014 3901 1165 3954 camrinum
1183 3901 1413 3957 instauratorem

287 3993 409 4045 scholion
429 3993 586 4046 Plautinum
605 4012 692 4061 nuper
711 3997 880 4063 repertum':
904 4011 974 4059 ‹prae
998 3993 1150 4062 disputatio
1169 3995 1259 4050 Kiliae
1278 3995 1374 4065 prodiit
1391 4013 1410 4044 a.

288 4091 359 4138 18:39.
397 4086 483 4149 (lirino
507 4092 605 4155 postea
628 4087 715 4139 lenius
733 4087 902 4139 irulieauteur
921 4089 1049 4153 expertus
1072 4105 1131 4139 surn
1154 4087 1182 4139 in
1202 4106 1235 4141 eo
1254 4089 1323 4142 libro
1341 4105 1410 4154 quau

287 4176 490 4246 ‘Su-grurpoesie
513 4180 562 4232 der
585 4180 736 4234 (trieehen'
759 4179 912 4246 inscripsit,
935 4196 961 4246 p.
986 4186 1035 4232 310
1058 4197 1118 4246 sqq.
1158 4181 1320 4234 Graviorcm
1341 4179 1410 4231 noos

286 4268 485 4337 adversarium,
510 4291 675 4340 qruurupuuu
699 4274 815 4325 eundern
839 4272 1043 4338 stravissiuuuu,
1067 4273 1205 4327 exstitisse
1225 4274 1362 4327 Lelrrsium
1378 4272 1408 4322 iu·

286 4362 441 4426 tellegimus
461 4366 487 4415 iu
508 4368 690 4419 ‘Aristarchi’
711 4367 751 4416 sui
770 4366 890 4416 editione
910 4368 999 4417 altera
1018 4385 1044 4432 p.
1065 4369 1218 4434 ssa-4501.
