2976 5140
445 385 490 432 ns
514 385 584 434 oso
609 385 653 432 111
676 385 821 432 narona.
1141 367 1204 432 613

77 537 198 602 tandum
226 539 291 602 sive
319 539 383 602 alia
411 561 606 624 quacumque
636 538 759 602 ratione
789 537 845 602 Ori
873 559 989 602 nomen
1012 537 1202 602 abolendum

78 670 137 712 esse
158 648 308 714 videatur.

586 847 606 924 e
631 843 681 906 16.

149 980 236 1044 Nihil
259 983 367 1044 autem
390 979 552 1065 antiquius
574 978 692 1042 habere
715 977 890 1044 Larcherua
919 977 1073 1062 debebat,
1108 1001 1202 1064 quam

75 1097 104 1154 nt
124 1092 154 1154 in
169 1091 275 1176 Etym.
300 1091 344 1154 M.
362 1113 393 1174 p.
411 1091 484 1173 685,
501 1091 541 1154 51
565 1089 599 1152 in
617 1089 733 1168 Ὠρίων
756 1110 872 1152 nomen
889 1087 989 1170 Ὠρο(
1011 1089 1202 1173 scripturam

75 1205 213 1265 verteret:
242 1201 361 1286 quippe
385 1222 455 1264 cum
477 1199 544 1263 illic
567 1203 634 1264 tum
658 1198 742 1282 apud
757 1197 908 1262 Orionem
931 1220 962 1283 p.
983 1199 1053 1282 135,
1077 1199 1097 1263 6
1120 1221 1202 1265 com-

74 1315 252 1375 memoratus
277 1311 442 1374 Helladius
470 1309 684 1374 Besantinoua
714 1331 785 1372 cum
813 1309 931 1372 sacculi
960 1309 1064 1392 quarti
1093 1309 1200 1394 luerit,

74 1443 130 1484 non
150 1421 252 1505 potuit
276 1423 317 1485 ab
333 1421 398 1486 Oro
414 1421 516 1486 citari.
549 1419 672 1484 Deinde
688 1423 795 1483 autem
818 1419 1019 1502 segreganda
1043 1420 1199 1504 existimo,

73 1531 102 1594 111
121 1531 366 1616 quibuscumque
389 1531 503 1596 Sorani
527 1531 651 1615 aliquae
675 1533 781 1614 partes
805 1533 891 1612 sunt,
915 1531 1059 1614 exempla
1082 1531 1199 1595 omnia.

73 1643 143 1706 Cum
164 1643 249 1707 enim
279 1643 474 1726 pertinacius
503 1641 661 1726 possimus
688 1641 723 1703 111
747 1661 813 1704 rem
842 1643 985 1704 nostram
1016 1645 1200 1706 convertere

73 1753 258 1836 reluthaec‚
282 1753 417 1836 quaein
442 1751 550 1835 Etym.
575 1751 619 1815 M.
647 1775 680 1835 p.
705 1752 776 1832 711,
801 1751 843 1816 55
866 1773 894 1814 v.
919 1752 1037 1828 ειαγών
1061 1755 1093 1816 et
1117 1751 1198 1816 Gud.

71 1885 97 1946 p.
117 1863 184 1946 343,
212 1865 253 1928 15
275 1885 304 1927 v.
329 1867 427 1943 κρᾶτα
451 1861 602 1946 legmitur
624 1861 748 1924 adiecto
771 1861 869 1942 Ὠροε
892 1861 1038 1944 nomine,
1065 1883 1131 1926 non
1153 1861 1198 1926 di·

71 1995 148 2036 versa
168 1973 208 2038 ab
234 1972 381 2039 Orioneis
404 1995 434 2056 p.
463 1975 538 2055 145,
563 1973 592 2036 4.
624 1973 681 2054 81,
705 1971 763 2054 20,
793 1975 901 2035 tamen
931 1971 1064 2036 duorum
1086 1971 1198 2038 horum

71 2082 171 2148 1111111111
206 2084 423 2168 exemplorum
462 2081 529 2146 eius
561 2083 607 2146 rei
642 2081 793 2146 iudicatio
826 2103 1027 2166 nequaquam
1061 2083 1198 2148 coerceri

70 2198 171 2274 potest.
215 2194 349 2259 Etenim
373 2193 486 2258 Sorani
510 2193 581 2256 illos
604 2193 848 2258 commentarios
874 2191 1105 2286 etymologicus
1129 2215 1198 2256 mea

70 2305 215 2369 sententia
252 2304 456 2368 vehementer
488 2307 609 2367 erraret
641 2303 694 2388 qui
729 2305 769 2367 ab
805 2306 983 2366 nostrorum
1016 2303 1197 2368 auctoribus

70 2412 351 2500 Etymologicorum
385 2414 462 2498 ipsis
497 2414 657 2478 lectitatos
696 2413 847 2478 crederet.
903 2411 971 2488 Quo
1008 2414 1042 2476 in
1079 2435 1197 2499 genere

69 2529 174 2606 quanta
196 2549 277 2610 opus
293 2525 335 2589 sit
358 2525 537 2609 prudentia,
561 2525 640 2589 satis
664 2523 772 2588 videor
787 2523 913 2608 Proleg.
931 2525 964 2588 111
980 2523 1135 2588 Thomam
1152 2525 1195 2589 M.

68 2655 93 2716 p.
113 2635 230 2700 LXXII
253 2636 407 2700 docuisse.
444 2636 557 2720 ltaque
579 2657 673 2720 quem
696 2635 735 2698 ad
758 2633 886 2698 modum
910 2633 1043 2698 aliorum
1067 2635 1196 2700 aliunde

69 2747 169 2810 notitia
190 2747 296 2832 petita
319 2751 383 2810 est:
420 2767 555 2830 quocum
585 2745 789 2810 coniunctum
814 2749 877 2827 est,
907 2745 989 2828 quod
1018 2745 1116 2828 ipsius
1139 2745 1195 2810 Ori

68 2857 238 2940 fragmenta
267 2878 325 2940 per
351 2855 471 2919 medios
498 2855 624 2919 demum
652 2857 757 2919 fontes
788 2855 940 2940 quosdam
970 2853 1009 2918 ad
1037 2855 1108 2919 illos
1130 2878 1196 2918 ma·

69 2985 149 3030 nasse
180 2967 268 3032 infra
301 2965 500 3030 ostendetur:
539 2966 585 3029 ita
618 2965 732 3030 Sorani
760 2966 886 3050 quidem
915 2965 1111 3029 mentionem
1139 2967 1194 3030 11111

68 3071 168 3140 debere
195 3077 310 3142 Orioni
340 3076 497 3140 videntur.
544 3075 580 3139 ld
606 3077 688 3160 quod
718 3077 765 3138 vol
796 3099 832 3139 cx
857 3097 894 3139 eo
922 3075 1074 3160 colligas,
1112 3075 1195 3159 quod

68 3186 140 3266 apud
161 3187 246 3252 huno
270 3209 368 3251 unum
391 3187 490 3250 multo
514 3187 671 3266 crebrius,
702 3209 797 3270 quam
820 3187 852 3250 111
876 3186 940 3249 illis
963 3185 1194 3270 Etymologicis

68 3295 223 3380 ambobus,
260 3297 374 3361 Sorani
404 3297 621 3360 testimonium
656 3297 819 3380 repetitur.
867 3297 965 3380 Atqui
1000 3297 1031 3358 111
1067 3296 1194 3360 Orionis

68 3402 156 3470 lexico
177 3409 297 3484 (ιαγών
320 3411 352 3470 et
374 3411 473 3488 κρᾶτα
495 3407 625 3471 vocibus
649 3407 844 3489 adscriptum
867 3429 931 3470 non
947 3406 1046 3485 Ὠροε
1069 3411 1117 3470 est
1139 3407 1194 3470 sed

67 3513 221 3598 (ωρανόε,
256 3516 423 3600 posteriori
455 3517 551 3580 etiam
580 3517 613 3580 in
643 3517 750 3600 Etym.
781 3517 823 3580 lll.
852 3539 884 3599 p.
908 3517 982 3598 535,
1006 3519 1041 3592 5,
1076 3520 1108 3580 ut
1132 3517 1192 3581 hoc
1211 3535 1244 3582 30

66 3625 170 3710 quippe
186 3629 283 3692 etiam
299 3627 401 3690 rarius
416 3649 534 3691 nomen
556 3627 787 3690 restituendum
810 3629 851 3690 sit
874 3627 942 3690 sina
966 3627 1191 3692 controversia.

67 3733 107 3796 Ac
129 3735 197 3801 vide
219 3737 314 3820 mihi,
338 3760 433 3822 quam
457 3737 634 3814 commode,
659 3760 716 3821 por
738 3761 816 3822 quas
839 3737 1015 3822 scripturae
1038 3737 1192 3802 vicissitu-

66 3841 145 3909 dines
161 3849 339 3932 corruptela
355 3847 516 3932 sorpserit,
540 3869 576 3911 eo
598 3848 786 3931 declaretur,
808 3847 891 3933 quod
914 3847 948 3912 in
966 3847 1046 3912 Gud.
1069 3871 1100 3931 p.
1118 3851 1191 3930 576,

65 3951 129 4016 61.
155 3960 250 4038 ψωλή
278 3959 312 4022 in
343 3959 483 4039 ὡριανόε
510 3959 640 4022 transiit
668 3961 808 4022 8111111111
831 3958 959 4023 Orionis
982 3981 1011 4040 p.
1038 3959 1112 4037 161,
1144 3961 1192 4023 13.

66 4061 266 4132 artificiosius
294 4069 381 4132 enim
409 4071 520 4152 ageret
549 4091 607 4132 nec
631 4067 699 4132 sine
723 4068 852 4132 levitate
885 4069 1038 4154 quadam,
1071 4067 1124 4150 qui
1154 4090 1192 4131 ex

65 4169 121 4235 illis
151 4177 308 4242 scribendi
346 4177 570 4262 discrepantiis
605 4179 690 4242 valcat
727 4178 787 4243 hoc
825 4179 981 4242 efficeret:
1026 4179 1192 4258 (ωρανόσ

66 4283 160 4350 οὕτω(
192 4287 324 4372 Ὠρίων,
367 4288 598 4373 imprudentius
638 4291 751 4372 etiam,
790 4289 844 4374 qui
880 4289 1045 4369 Culpavit·
1088 4289 1192 4354 οὕτω(

65 4388 169 4475 Ὦρος,
197 4399 322 4482 qnando
348 4403 516 4484 praeterea
544 4423 699 4485 nusquam
728 4401 762 4464 in
784 4401 840 4466 Ori
863 4400 1055 4486 fragmentis
1078 4399 1190 4466 Sorani
