2976 5140
442 374 491 420 nn
515 374 585 420 oao
610 373 653 418 nu
676 373 818 418 omnus.
1141 354 1203 418 053

75 531 181 592 τούτου
211 529 398 608 δάὸριςτος
425 527 521 602 αὸςα,
550 527 600 590 καὶ
628 527 765 590 διαλύςει
793 525 843 587 καὶ
869 529 971 606 τροπῇ
1000 527 1058 586 τοῡ
1082 545 1100 586 υ
1122 523 1164 587 εἰς
1188 545 1202 586 ε

74 639 181 712 γίνεται
203 638 287 704 ἄεςα.
311 676 354 688 —
377 636 430 700 Ea.
449 636 491 698 M.
517 657 548 718 p.
572 636 644 705 502,
668 635 724 698 38:
749 635 875 716 (κέλης
898 634 934 696 δέ
957 635 1040 697 ἐςτιν
1061 633 1162 696 innoc
1184 633 1202 696 ὸ

76 749 230 826 μονάμπυξ
251 750 301 812 καὶ
324 748 472 828 δρομικὸς
495 749 514 810 δ
537 749 598 811 νῦν
621 746 786 823 ςελλὸριος
809 744 992 822 λεγόμενος,
1016 744 1084 808 έιιεί
1105 763 1203 808 τοπα-

75 861 156 922 λοιὸν
178 859 342 924 ώςεπίιιαν
365 861 433 922 τοῖς
456 857 587 936 ἅρμαςιν
604 857 774 936 ἐχρῶντο.)
799 855 890 933 κέλης
912 855 947 918 δὲ
970 854 1094 928 λέγεται
1116 855 1203 932 παρὰ

74 971 107 1032 τὸ
130 969 375 1046 διεςκελιςμένον
398 967 469 1032 τινὰ
497 971 646 1044 καθῆςθαι
669 967 713 1028 είς
741 965 848 1028 αὐτὸν.
882 963 988 1028 οὕτως
1015 965 1202 1043 Ἐπαφρόδι-

75 1099 139 1152 τος,
167 1079 211 1143 ώς
234 1081 318 1154 λέγει
342 1078 448 1156 Ὧρος.
492 1078 569 1140 ὸδὲ
594 1077 804 1158 [Ἡρωδιανὸς
833 1075 882 1138 καὶ
905 1073 986 1136 adde
1015 1095 1031 1136 e
1054 1073 1202 1160 Favorini

76 1188 134 1250 Eel.
159 1212 188 1271 p.
210 1188 284 1268 268,
312 1186 361 1274 16]
387 1187 503 1266 Ὠρίων
526 1192 537 1268 ί
541 1209 571 1268 p.
597 1185 648 1268 83,
675 1185 728 1270 17)
756 1187 857 1266 λέγει,
887 1184 937 1248 dn
964 1185 1057 1261 κέλης
1080 1185 1203 1258 λέγεται

74 1301 150 1376 παρὰ
175 1300 212 1362 τὸ
240 1301 384 1374 κέλλειν,
415 1297 597 1375 ὃςημαίνει
625 1298 663 1360 τὸ
685 1288 827 1376 βαδίζειν
855 1297 905 1359 καὶ
931 1295 1057 1374 τρέχειν
1079 1317 1105 1356 κ.
1126 1316 1153 1358 τ.
1177 1297 1203 1356 λ.

75 1409 110 1468 es.
125 1407 277 1470 Zonaram
293 1430 325 1490 p.
346 1407 436 1470 1185.
460 1445 502 1454 —-
526 1405 579 1468 m.
597 1405 640 1468 M.
659 1427 689 1488 p.
708 1405 779 1486 725,
799 1406 832 1468 7:
857 1406 1095 1490 ςταςιάζερν·
1112 1405 1131 1468 ὸ
1146 1406 1202 1482 μὲν

74 1519 258 1596 Ἡρωδιανὸς
291 1518 498 1596 πλεοναςμὸν
532 1518 615 1590 λέγει
647 1515 729 1580 εἶναι
758 1519 816 1579 τοῦ
844 1537 880 1590 α,
914 1515 979 1579 ἀπὸ
1012 1519 1071 1581 τοῦ
1103 1515 1204 1578 ςτὰςις

76 1627 216 1712 ίςτατίζω]
241 1629 404 1693 ςταςιάζω.
428 1629 446 1690 δ
469 1629 504 1691 δὲ
527 1626 625 1705 Ὦρος
648 1627 742 1700 λέγει,
766 1625 813 1688 ὅτι
834 1627 976 1705 τοῦνομα
999 1626 1113 1705 ἔλαβεν
1137 1625 1203 1688 ἀπὸ

75 1742 124 1800 τοῦ
143 1738 280 1802 ἵςταςθαι
302 1739 351 1802 καὶ
375 1737 598 1817 ςυςτρέφεςθοιί
624 1757 711 1800 τινας
739 1738 970 1815 περιςςοτέρως
997 1737 1079 1814 πρὸς
1108 1735 1203 1813 ἀλλή-

77 1850 149 1910 λους.
170 1885 211 1898 -
233 1847 343 1930 lii-pm.
368 1846 412 1908 M.
438 1847 565 1929 11:800,
590 1845 647 1908 Mi:
684 1846 825 1925 φρόνις
855 1897 861 1908 .
886 1897 891 1906 .
916 1898 922 1908 .
947 1897 952 1908 .
976 1847 995 1910 ὸ
1023 1847 1080 1922 μὲν
1102 1845 1202 1924 Ἡρωα

75 1959 184 2027 διονός,
217 1959 307 2038 παρὰ
335 1960 393 2036 τὴν
423 1957 580 2037 φρόνηςιν
609 1959 687 2020 κατὰ
718 1959 893 2035 ςυγκοπήν·
926 1957 944 2019 ὁ
974 1957 1008 2019 δὲ
1038 1955 1203 2038 (Μιλήςιος

74 2065 150 2130 addit
169 2067 312 2130 Zonaras
337 2089 367 2149 p.
399 2067 493 2150 1823)
523 2067 639 2145 Ὦρος,
668 2067 701 2130 ἐκ
728 2071 784 2144 τῆς
807 2067 902 2146 φρών
931 2066 1056 2146 φρονός
1077 2071 1202 2144 γενικῆς

73 2177 176 2250 γίνεται
204 2178 339 2259 φρόνις,
367 2179 417 2242 καί
443 2179 461 2255 ἡ
489 2179 639 2254 αἰτιατικὴ
667 2177 794 2256 φρόνιν.
822 2176 916 2240 τὸδὲ
940 2175 1036 2256 φρών
1062 2197 1089 2238 ο.
1117 2199 1147 2259 q.
1176 2199 1201 2237 s.

72 2286 272 2372 —Denique
301 2309 398 2350 unum
427 2291 475 2350 est
498 2287 693 2369 exemplum,
722 2290 756 2349 in
780 2309 841 2370 quo
864 2287 966 2367 ipsam
990 2286 1201 2349 continuatio·

73 2417 135 2460 uem
155 2399 324 2463 verborum
346 2397 387 2460 ab
411 2396 595 2459 Herodiano
623 2399 845 2478 usurpatorum
869 2417 1060 2476 adgnoscam,
1089 2396 1202 2478 quibus

72 2507 195 2590 quidem,
220 2531 304 2592 quae
328 2507 432 2590 priore
451 2508 557 2590 aliquo
581 2506 685 2588 eapite
709 2507 741 2568 in
766 2505 855 2568 libris
878 2508 950 2585 περὶ
972 2511 1085 2570 παθών
1108 2505 1202 2568 docu-

73 2621 141 2699 erat,
163 2619 195 2682 in
218 2619 407 2682 memoriam
430 2639 577 2682 revocme
601 2614 735 2680 videtur.
774 2615 876 2678 Mulio
899 2638 993 2698 quam
1017 2615 1144 2679 Scholia
1168 2616 1201 2678 in

72 2725 168 2792 iliadis
197 2731 220 2794 Β
255 2729 319 2790 242
347 2733 379 2790 et
400 2726 542 2790 Zonaras
571 2751 601 2810 p.
629 2729 709 2789 1324
738 2727 913 2808 integriora
942 2726 980 2789 de
1008 2727 1095 2807 λώβη
1125 2749 1202 2790 voce

71 2837 266 2916 prodiderunt
290 2837 450 2920 Excerpta
476 2837 633 2900 Masinis
658 2859 687 2919 p.
714 2835 788 2918 191,
818 2837 859 2898 28
883 2836 998 2898 collato
1021 2837 1129 2920 Etym.
1154 2837 1198 2900 M.
1219 2847 1252 2895 65

72 2966 98 3025 p.
119 2949 187 3028 570,
209 2950 254 3012 35
277 2952 310 3010 ei
332 2948 414 3011 dud.
439 2969 470 3028 p.
494 2949 567 3028 375,
592 2949 632 3011 25
655 2947 700 3008 sie
723 2945 989 3026 redintegranda:
1024 2949 1200 3033 Λωβήςαιο,

71 3059 147 3135 παρὸ
171 3061 209 3124 τὸ
237 3063 354 3138 λωβώ
382 3059 511 3137 πρώτης
539 3059 683 3133 ςυζυγίας
714 3061 780 3123 τών
807 3059 1075 3138 περιςπωμένων,
1103 3065 1201 3124 τοῦτο

72 3170 101 3227 έκ
119 3173 175 3230 τοῦ
197 3169 297 3248 λοβὸς
318 3172 378 3232 τοῦ
400 3169 452 3232 διὸι
475 3173 533 3232 τοῦ
554 3172 700 3246 ομικροῦ
723 3171 795 3232 κατ’
819 3170 999 3247 έπαίιξηςιν,
1022 3171 1087 3234 ἀπὸ
1110 3191 1200 3249 μετα-

71 3282 164 3354 φορᾶς
185 3283 254 3342 τῶν
277 3279 597 3358 ἠκρωτηριαςμένων·
627 3279 735 3355 ἐπειδὴ
760 3280 789 3341 οἱ
812 3282 941 3343 παλαιοὶ
964 3281 1039 3343 τοὺς
1063 3281 1098 3345 ἔν
1120 3302 1200 3346 τιςιν

70 3385 255 3466 ἀτοιιήμαςιν
278 3389 417 3480 ἁλόντας
447 3389 666 3468 ἐνυβρίζοντες
689 3389 728 3452 τὰ
751 3389 833 3468 ἄκρα
860 3396 925 3455 τῶν
949 3391 1043 3455 ώτων
1067 3391 1199 3470 ἀπέτεμ-

70 3516 137 3572 νον,
169 3501 212 3562 ὡς
242 3499 293 3562 καὶ
320 3499 339 3562 δ
367 3501 502 3578 ποιητὴς
534 3501 616 3576 πρὸς
645 3501 702 3562 τὸν
731 3500 824 3578 Ἶρον.
854 3501 903 3563 καὶ
931 3506 1030 3566 ταῦτα
1060 3501 1199 3580 ὸὨρος
1279 3499 1285 3512 “

70 3606 168 3689 (vulgo
190 3609 331 3688 Ὠρίων).
355 3609 374 3672 ὸ
396 3611 431 3672 δὲ
455 3611 653 3688 Ἡρωδιανὸς
676 3611 769 3684 λέγει,
793 3611 842 3674 ὅτι
866 3611 899 3673 έκ
921 3616 979 3674 τοῦ
1003 3613 1083 3690 λαβή
1106 3613 1199 3685 έετιν,

70 3713 85 3774 ὸ
106 3720 239 3793 ςημαίνει
260 3720 299 3783 τὸ
322 3720 429 3800 ξίφος·
454 3721 486 3784 ἐξ
509 3720 609 3782 αὐτοῦ
631 3719 749 3794 γίνεται
765 3721 856 3800 λάβη,
879 3723 928 3785 καί
950 3723 987 3787 τὸ
1010 3743 1031 3785 α
1052 3723 1199 3802 τρέπεται

69 3823 106 3886 εἰς
137 3848 177 3904 ω,
211 3829 261 3892 ὼς
295 3831 492 3907 ἐμάθομεν
525 3834 632 3910 φᾶρος
663 3832 822 3910 φαριαμὸς
857 3833 906 3894 καὶ
933 3834 1119 3912 φωριαμός,
1150 3835 1200 3896 καὶ

69 3934 176 4006 γίνεται
198 3941 285 4018 λώβη
310 3941 359 4002 καὶ
382 3941 550 4019 βαρύνεται
573 3963 598 4004 κ.
620 3962 645 4004 τ.
668 3943 694 4003 λ.

143 4049 172 4110 3.
217 4048 279 4112 sed
302 4049 381 4112 satis
404 4053 453 4110 esi
475 4050 708 4132 exemplorum:
748 4051 901 4134 equibus
929 4050 1024 4114 faeile
1054 4052 1197 4134 colligas,

69 4155 155 4218 odam
182 4159 236 4222 ubi
265 4181 330 4222 non
359 4160 543 4223 nominatus
571 4161 629 4231 sit,
661 4162 709 4223 eui
739 4162 966 4244 consequentia
995 4163 1014 4225 ὁ
1042 4165 1077 4226 δὲ
1099 4162 1200 4241 Ὦρος

68 4265 155 4328 verba
183 4269 381 4351 referantur,
412 4271 657 4354 grammaticus,
694 4271 879 4354 saepissime
907 4275 1015 4334 ίαιιιειι
1046 4293 1110 4336 non
1145 4273 1198 4336 olii

69 4373 122 4438 uisi
145 4377 327 4442 Herodiano
343 4381 398 4442 (λτί
422 4383 604 4444 nudationes
627 4381 756 4464 opponi.
788 4383 877 4456 Quod
900 4383 1026 4466 quidem
1051 4383 1096 4446 iio
1119 4407 1197 4468 esse,
