2976 5140
441 403 489 450 nn
511 401 581 451 ono
604 403 649 450 nr
672 401 814 449 omoun.
1134 383 1194 450 627

75 552 104 614 in
123 551 176 616 illa
201 553 486 618 diversissimarum
514 575 610 638 saepe
636 555 839 618 notationum
866 553 1032 638 farragine
1060 551 1101 616 ab
1131 557 1196 636 ety-

72 663 194 746 mologis
216 663 511 748 conglutinatomm
532 664 721 729 difficillime
736 663 925 748 quibusdum
940 665 975 726 in
989 662 1068 726 locis
1091 661 1197 726 decer-

74 793 138 854 nas,
169 773 281 857 quibus
313 773 446 838 taudem
476 775 594 838 finibus
621 775 722 858 ipsius
751 773 808 838 Ori
840 773 1020 837 observatio
1052 795 1196 857 quaeque

72 883 261 966 terminetur,
290 887 359 948 tum
382 889 496 969 suapte
523 889 641 950 natura
662 905 757 948 verse
779 885 848 948 eius
869 885 1108 948 observationes
1130 905 1196 947 non
1213 897 1247 944 42

72 1013 178 1073 paucae
197 993 243 1057 its
266 999 471 1079 comparatae
500 999 576 1059 sunt
602 997 655 1077 ut,
685 995 725 1058 ad
753 1015 847 1080 quem
869 995 1069 1079 potissimum
1091 994 1196 1058 locum

71 1105 301 1185 grammaticum
337 1109 503 1188 spectent,
544 1105 636 1170 valde
669 1105 712 1168 sit
744 1105 942 1190 ambiguum.
993 1107 1100 1188 Atque
1135 1103 1196 1168 hoo

71 1232 160 1294 genus
190 1215 255 1278 suis
283 1215 362 1279 locis
394 1237 635 1300 persequemur:
672 1215 760 1299 prius
796 1219 903 1280 autem
935 1213 1015 1280 illud
1048 1236 1089 1279 ne
1120 1213 1195 1298 quid

70 1322 151 1386 nobis
170 1323 290 1389 fraudis
312 1326 427 1409 pariat,
452 1330 486 1390 et
499 1325 672 1411 diligenter
693 1325 810 1409 ubique
832 1326 1008 1390 observatis
1023 1325 1053 1404 ἤ,
1068 1326 1104 1390 δέ
1125 1345 1196 1408 par-

70 1431 164 1495 ticulis
185 1435 378 1518 cavebimus,
403 1440 436 1499 et
457 1435 559 1501 sicubi
581 1437 615 1500 in
640 1437 824 1500 coniectura
845 1436 985 1520 positum
1007 1437 1064 1518 sit,
1088 1438 1197 1498 utrum

70 1539 104 1604 ed
131 1541 225 1608 Orum
252 1545 440 1628 pertineant
471 1546 506 1610 in
535 1546 649 1630 quibus
677 1549 832 1610 versetur·
849 1545 1040 1630 disputatio,
1085 1567 1128 1608 an
1155 1545 1195 1608 ad

70 1650 137 1714 alios
157 1675 371 1740 quoscumque
393 1657 632 1740 grammaticos,
655 1656 793 1721 fideliter
814 1659 871 1720 aut
893 1656 1117 1720 adnotabimus
1140 1657 1196 1718 aut

68 1762 146 1825 uncis
182 1765 447 1849 significabimus.
499 1765 699 1850 Quamquam
731 1789 831 1831 unum
863 1766 1014 1851 quiddam
1052 1765 1196 1850 proiecto

70 1870 301 1938 condonandum
324 1880 383 1939 est.
429 1877 500 1940 Etsi
523 1877 620 1960 enim,
645 1899 727 1962 quae
750 1877 922 1941 coniuncto
943 1881 1020 1941 sunt
1042 1897 1114 1940 cum
1138 1874 1196 1939 Ori

68 2003 177 2066 qnoque
198 1985 433 2068 observatione,
456 1992 628 2071 propterca
643 2009 845 2072 nequaquam
861 1991 937 2051 sunt
958 1987 1019 2071 ipsi
1035 1985 1100 2051 Oro
1121 1985 1196 2050 ilico

68 2091 232 2178 tribuenda,
256 2099 369 2160 tamen
391 2097 460 2161 iure
482 2095 619 2180 quodem
643 2101 752 2162 nostro
768 2098 878 2161 eodem
895 2119 990 2180 saepe
1012 2096 1195 2181 putabimus

67 2201 139 2266 riam
158 2210 338 2271 monstrare
353 2206 411 2271 Ori
433 2212 606 2292 praecepto
628 2209 668 2272 ad
690 2229 782 2272 suum
802 2207 948 2292 quodque
971 2210 1069 2291 caput
1089 2227 1195 2290 grem-

65 2313 203 2379 matioum
225 2316 398 2382 referendi.
443 2317 543 2382 Velut
570 2339 608 2382 ex
631 2323 852 2398 othopraplzia
874 2319 977 2402 petita
1000 2338 1084 2397 esse,
1113 2337 1195 2399 quae

64 2418 94 2482 in
112 2423 214 2507 Etym.
239 2426 325 2492 Gud.
348 2451 380 2512 p.
407 2429 477 2512 129,
501 2429 544 2494 20
566 2433 599 2492 et
620 2428 789 2512 Excerptis
811 2427 919 2492 Koesii
941 2451 972 2512 p.
1000 2427 1070 2506 190,
1092 2426 1134 2490 38
1156 2423 1195 2488 de

64 2541 264 2614 ῖβαμματεῑον
287 2538 442 2602 vocabulo
467 2539 661 2623 produntur,
697 2562 735 2604 ex
758 2540 803 2602 eis
826 2539 1022 2624 colligimus,
1052 2559 1133 2622 quoe
1155 2535 1195 2599 de

66 2648 299 2724 Τβαμματείδιον
334 2651 366 2711 et
397 2652 625 2730 γραμματίδιον
665 2651 826 2733 scripturo
857 2649 1023 2735 disputato
1055 2649 1097 2712 ab
1129 2647 1194 2710 illis

65 2755 266 2837 excipiuntur.
312 2757 382 2832 Quo
410 2759 613 2824 coniecturae
640 2781 758 2844 genere
787 2761 884 2824 focile
906 2758 1193 2844 supersederemus,

64 2861 171 2928 sicem
201 2867 408 2952 diligentiam
436 2869 610 2955 etymologi
640 2871 840 2934 constantius
868 2870 1064 2952 tenuissent,
1098 2890 1193 2952 quom

63 2975 161 3051 paucis
181 2977 217 3040 in
240 2977 320 3041 locis
342 2980 531 3060 praestitam
555 2979 782 3046 collaudamus.
819 2980 866 3045 Vt
886 2957 1047 3044 Et.'Gud.
1070 3001 1103 3061 p.
1119 2978 1193 3060 350,

62 3079 111 3164 43,
138 3083 214 3150 Ζοα.
245 3109 279 3170 p.
307 3087 405 3152 1260:
440 3091 478 3155 τὸ
501 3093 559 3169 μὲν
581 3095 714 3172 πρῶτον
736 3092 835 3172 'onoc
858 3091 877 3156 ὁ
900 3091 1068 3169 Μιλήειοε,
1095 3093 1195 3154 τοῦτο

62 3193 92 3255 δὲ
110 3197 308 3275 Ἡρωδιανὸς
330 3201 402 3280 περὶ
424 3205 553 3265 παθῶν·
574 3201 624 3264 vel
648 3201 702 3264 Et.
721 3200 765 3265 M.
783 3225 814 3286 p.
831 3201 905 3284 821,
921 3201 978 3265 24:
1001 3203 1039 3266 τὸ
1061 3203 1194 3280 πρῶτον

59 3299 160 3386 Ὦρος,
193 3309 233 3373 τὸ
267 3309 422 3388 δεύτερον
455 3309 562 3376 dllot.
606 3309 753 3375 Eandem
786 3312 887 3396 igliur
915 3312 948 3374 in
982 3315 1108 3394 portem
1137 3308 1194 3373 illa

62 3409 302 3498 interpretamur
324 3441 356 3500 p.
372 3419 445 3500 636,
469 3421 507 3484 18
530 3421 629 3502 Ὦρα(
651 3423 701 3486 καὶ
723 3421 824 3500 ἄλλοι,
847 3425 885 3484 ut
906 3421 963 3485 Ori
987 3441 1054 3484 esse
1074 3419 1191 3503 priora,

62 3521 184 3591 aliorum
205 3527 330 3612 placita
352 3529 498 3593 subnecti
521 3531 540 3610 ἤ
563 3531 723 3615 particula
746 3535 909 3615 putemus:
943 3533 963 3609 ἢ
985 3531 1073 3610 παρὰ
1094 3532 1133 3595 τὸ
1154 3530 1194 3594 τὰ

61 3629 131 3714 (non
152 3639 224 3716 περὶ
245 3639 301 3720 τὰ)
323 3661 349 3702 κ.
371 3660 396 3703 τ.
420 3642 447 3703 λ.
491 3639 535 3703 Et
557 3641 706 3704 similiter
727 3640 892 3704 Methodio
908 3640 1035 3724 Oroque
1056 3639 1193 3702 sortasse

61 3739 272 3811 distribuenda
294 3751 385 3830 sunt,
415 3769 496 3832 quae
517 3750 557 3813 de
585 3751 747 3830 ἀκάμανο(
769 3773 846 3815 voce
869 3749 1041 3835 dupliciter
1062 3751 1192 3814 tradun-

60 3853 106 3914 blr
125 3875 155 3938 p.
177 3857 231 3940 45,
256 3859 286 3921 2.
310 3895 354 3906 --
375 3857 437 3922 Sed
459 3881 526 3922 rem
549 3861 653 3944 ipsam
676 3861 864 3946 aggredior,
888 3861 991 3945 primo
1014 3861 1093 3944 loco,
1118 3881 1193 3945 quo·

60 3969 174 4028 mmet
195 3967 303 4032 brevis
325 3971 375 4059 est
390 3971 422 4032 et
437 3991 556 4054 anceps
579 3972 761 4054 explicatio,
785 3972 958 4055 positurus,
983 3969 1023 4033 ad
1045 3970 1193 4034 uberiora

59 4073 157 4154 eapite
177 4078 376 4142 trauntur-us
398 4078 560 4164 deinceps.

134 4185 164 4249 2.
208 4187 256 4252 Et
291 4188 332 4252 ad
364 4187 508 4254 libellum
539 4193 628 4273 περὶ
666 4193 896 4270 ἐγκλιτικῶν
928 4192 1078 4273 μορίων
1109 4187 1191 4256 nihil

59 4287 151 4358 habeo
171 4295 258 4380 quod
279 4299 427 4364 referam.
443 4299 528 4365 -E
545 4304 783 4368 commentariis
798 4307 906 4368 autem
928 4313 1061 4368 contro
1077 4307 1126 4367 Ple
1136 4325 1191 4384 ry-

60 4408 197 4469 nictum
225 4409 355 4492 scriptis
383 4411 506 4475 conicio
533 4434 631 4476 unam
659 4414 914 4478 observationem
935 4435 1118 4497 superesse,
1150 4413 1192 4478 ab

925 4517 991 4580 40*
