2942 5134
313 281 375 352 398
660 300 707 353 aa
730 301 879 356 clauco
904 300 1109 356 sarracino

313 453 468 541 Neptunii
492 455 633 522 numinis
656 457 835 543 potentiam
858 457 1111 545 significantiae,
1148 481 1241 545 quam
1266 457 1319 526 τὸν
1339 459 1411 540 μέγαν

312 569 447 647 δαίμονα
475 569 537 632 diei
565 569 619 653 qui
647 572 679 632 et
706 570 858 635 fluctuum
884 571 1037 636 saevitiae
1064 571 1261 656 imperitaret
1286 577 1315 634 et
1334 593 1411 652 supa-

312 678 514 742 bissiniarum
543 679 886 765 audacissimammque
917 681 1034 745 artium
1062 681 1212 746 inventor
1233 679 1330 744 esset?
1360 680 1411 762 quid

312 788 447 872 denique
481 791 723 854 convenientius
757 791 789 854 in
824 792 1020 876 tragicorum
1057 791 1313 855 consuetudinem
1344 812 1411 872 quan

312 899 488 962 concinnus
510 900 596 962 lusus
620 900 815 983 syllabarum
838 901 902 984 ille,
926 924 987 986 qua
1005 901 1122 985 pariles
1144 901 1179 964 in
1195 901 1340 984 parilibus
1358 899 1412 961 let-is

311 1030 404 1072 sonos
428 1009 480 1092 (τᾷ
502 1011 623 1092 μεγάλᾳ
639 1040 672 1046 -·
687 1017 746 1076 τοῦ
768 1013 924 1097 μεγάλου)
947 1012 1079 1095 stropha
1101 1014 1134 1074 et
1155 1009 1347 1093 antistropha
1359 1011 1412 1070 reei-

311 1119 427 1201 pinnt‘?
464 1119 612 1183 similiter
641 1125 735 1204 atque
764 1145 792 1184 v.
819 1123 891 1186 703.
916 1123 977 1185 716
1004 1121 1142 1185 invieem
1164 1121 1226 1184 sibi
1249 1120 1342 1182 relata
1361 1137 1412 1180 sun

310 1229 436 1293 άλιώεει
463 1231 532 1309 χερί
560 1235 591 1292 et
619 1232 691 1295 ἁλία
719 1234 814 1311 χερεί.
858 1231 946 1306 Quae
967 1233 1076 1296 omnia
1105 1253 1176 1295 eum
1202 1235 1270 1294 tam
1297 1251 1412 1313 sagana

311 1339 413 1401 virum
434 1339 546 1423 fugere
567 1340 698 1403 minime
721 1341 900 1424 potuerint,
924 1341 1049 1406 videtur
1076 1345 1103 1404 is
1131 1341 1255 1406 inventi
1282 1340 1355 1402 illius
1373 1338 1412 1400 sui.

311 1448 393 1531 qued
417 1451 465 1511 est
486 1452 727 1530 μεγαλαύχημα,
750 1451 918 1514 lenociniis
941 1450 1020 1514 adeo
1044 1454 1155 1534 eaptus
1174 1472 1253 1532 esse,
1275 1449 1413 1532 utmagn-

311 1558 370 1621 fieo
404 1560 573 1642 vocabule,
608 1560 690 1643 quod
724 1561 926 1644 intellegeret
959 1583 1030 1626 eum
1062 1562 1202 1640 μεγάλου
1236 1562 1373 1640 δαίμονα(
1393 1575 1413 1618 ei

310 1669 453 1746 μέγιετον
482 1669 612 1732 omnino
640 1692 707 1733 nen
733 1693 825 1753 posse
853 1670 962 1734 eodem
992 1693 1082 1734 versu
1113 1669 1303 1751 consociari,
1334 1667 1414 1752 quui

311 1782 405 1860 paeto
433 1779 537 1842 lecum
566 1780 641 1842 dare
671 1780 908 1864 adgrederetur.
953 1781 997 1844 Et
1025 1785 1134 1844 tamen
1162 1803 1203 1844 ne
1232 1781 1299 1864 ipsa
1319 1778 1414 1862 quiden

310 1891 561 1969 μεγαλαύχημα
583 1892 744 1968 μέγιετον
766 1890 897 1954 nomina
920 1890 1120 1954 concedimus
1140 1890 1209 1953 sine
1226 1889 1352 1973 quaesiti
1365 1909 1414 1949 au·

267 2005 292 2053 ll
312 1998 406 2061 minis
433 2000 491 2062 tali
521 1999 656 2063 artifieio
682 2000 773 2084 iungi
802 2001 894 2083 quale
922 2000 975 2064 hie
1002 2003 1096 2083 poeta
1125 2021 1254 2084 prorsus
1282 2000 1413 2062 detrec-let.

310 2109 495 2192 ingeniosus
518 2110 572 2172 ille
595 2109 721 2192 quidem
745 2110 1049 2193 miseraratione,
1072 2132 1138 2174 non
1161 2110 1333 2194 argutulus.

394 2218 468 2282 Non
490 2219 596 2283 minus
618 2221 791 2283 manifesta
822 2242 1024 2284 numerorum
1054 2220 1234 2303 corruptela
1256 2239 1355 2283 versus
1373 2213 1415 2278 ill-³

309 2328 434 2392 laborat
463 2352 534 2392 cum
562 2331 623 2394 715
651 2331 811 2393 conlatus:
849 2333 886 2394 τὸ
922 2333 979 2408 μέν
1007 2352 1052 2394 τι(
1082 2331 1173 2395 οὔτε
1201 2331 1340 2408 νεαρὸε
1363 2327 1414 2388 οὔτε

309 2441 449 2521 γήραι
464 2442 616 2519 πρώταιει
638 2444 742 2504 ταῑεδε
764 2441 867 2504 urite(
889 2440 1024 2516 ἀγυιαῖεῑ
1048 2461 1180 2524 quorum
1202 2455 1414 2503 mensurans-

310 2549 352 2610 tis
375 2549 468 2611 hodie
493 2554 640 2612 constare
663 2553 811 2632 putamus
834 2572 899 2613 non
927 2551 1012 2613 hane
1033 2572 1101 2613 esse
1123 2576 1265 2611 veho

309 2658 363 2720 sed
386 2658 470 2721 hane
492 2659 597 2741 petius
762 2691 942 2723 :he-e.
988 2659 1061 2722 Vna
1084 2660 1184 2742 igitur
1205 2681 1240 2724 τε
1263 2658 1363 2721 vocula
1381 2653 1414 2714 de

307 2767 373 2830 leta
394 2771 432 2833 τὸ
455 2772 512 2848 μέν
541 2792 587 2834 τι(
611 2771 656 2833 οὐ
679 2772 794 2848 νεαρόε
823 2771 898 2835 οὔτε
919 2772 1002 2853 γήρᾳ
1030 2792 1100 2832 eum
1129 2769 1272 2832 Persona
1299 2766 1414 2850 placetur

308 2881 375 2941 turn
403 2879 558 2962 lteisigie.
604 2878 744 2952 (luorum
771 2880 825 2942 ille
854 2880 929 2963 quid
951 2880 990 2942 de
1012 2883 1114 2942 metro
1136 2879 1288 2961 senserit,
1319 2879 1414 2960 ignera-

307 2993 375 3068 tur,
405 3011 498 3071 quein
526 2993 634 3051 tanren
664 2990 702 3052 de
730 2989 833 3052 soluta
862 2990 896 3051 in
925 2989 1003 3052 (luas
1032 2990 1143 3053 breves
1165 2989 1265 3072 longa
1289 2986 1414 3070 cogitas}

308 3119 404 3180 aegre
427 3097 552 3161 credas:
576 3099 711 3181 syniaesi
728 3100 919 3182 bisyllabum
941 3100 1010 3162 fieri
1033 3100 1149 3179 νεαρό(
1166 3097 1309 3181 Reisigie
1329 3096 1413 3158 viani.

308 3207 416 3268 ‘utin
440 3209 497 3285 ῥέα
520 3209 694 3272 decuerunt
717 3210 757 3272 ad
780 3209 987 3272 Hesiudunr':
1024 3231 1085 3292 quo
1114 3208 1260 3289 exemplo
1281 3205 1366 3269 facile
1383 3202 1413 3262 ia·

307 3317 433 3400 tellegis
456 3318 586 3381 nrinirue
615 3319 793 3382 satisfieri.
839 3318 957 3392 iliiudsi
985 3317 1134 3400 propiora
1162 3315 1412 3398 circumspiciens.

307 3426 339 3488 iu
370 3433 517 3509 promptu
547 3432 622 3490 sunt
650 3450 727 3490 sane
754 3430 882 3494 νεανία(
911 3429 1057 3494 νεανικόε
1080 3428 1161 3512 (sive
1183 3429 1296 3492 νανίαε
1317 3438 1413 3490 νανιλο(

308 3559 378 3598 euru
400 3537 567 3599 llindorliu
588 3539 766 3621 scripseris)
790 3537 958 3620 trisyllaba
981 3537 1063 3620 apud
1080 3535 1329 3618 Aristophanem
1343 3531 1412 3608 l'esp.

307 3669 335 3709 v.
363 3649 452 3710 luel.
479 3649 570 3730 1069,
595 3670 655 3730 quo
679 3648 814 3710 lbitasse
837 3651 959 3714 νεανίαι
981 3646 1105 3711 aceedit
1128 3645 1290 3728 Euripidis
1313 3637 1411 3725 (lubili

306 3778 335 3817 v.
360 3758 401 3818 28
426 3758 607 3820 οοιιίοολανο
630 3757 803 3820 redditum:
832 3758 908 3820 itenr
931 3763 1020 3836 νῆνιε
1042 3779 1099 3839 pro
1122 3761 1228 3834 νεῆνιε
1251 3753 1331 3837 ομοιλ
1351 3753 1412 3812 λοο-

307 3869 468 3928 creantem
495 3866 535 3927 fr.
567 3868 620 3943 14,
651 3869 670 3930 3
704 3868 737 3929 in
767 3868 898 3948 llergkii
927 3867 1028 3948 [aretis
1056 3866 1164 3948 lyricis
1193 3889 1223 3947 p.
1255 3865 1328 3927 778:
1358 3860 1410 3920 itui

306 3977 435 4040 νεοεεόε
463 3978 576 4040 vectii(
604 3982 638 4038 et
665 3978 802 4039 finitima
831 4000 901 4039 euru
925 3977 1002 4039 alibi
1023 3980 1090 4040 tum
1114 3975 1197 4058 aliud
1220 3970 1409 4036 lllenandnuu.

306 4107 386 4167 (pirae
421 4086 595 4148 liubecliius
629 4089 782 4150 tractavit
816 4087 849 4148 in
883 4087 1100 4169 l'lrryniehuin
1133 4107 1164 4167 p.
1193 4085 1256 4146 20ss
1289 4106 1332 4165 sq.
1369 4071 1410 4136 >ld

305 4197 475 4256 tamenne
499 4195 577 4258 liaer
601 4197 727 4278 quidem
749 4198 894 4258 sullis-ere
918 4197 958 4258 ad
980 4194 1171 4258 firmandum
1193 4195 1307 4272 νεῖιρόε
1321 4185 1409 4268 Sepler

306 4303 400 4364 eliani
424 4309 573 4385 apparet:
597 4305 723 4386 (prande
746 4307 779 4367 in
803 4306 948 4368 erunibus
971 4306 1069 4387 lunga
1091 4303 1214 4386 syllaba
1236 4306 1285 4363 est
1306 4313 1408 4382 quarum
