2990 5140
334 339 397 400 236
686 351 842 398 'rusazus
866 352 1126 399 raonnoonuua

419 507 449 570 5.
480 505 592 569 auidas
616 527 644 567 v.
670 506 908 584 Ἐρατοεθένηεε
931 507 1069 584 μαθητὴς
1086 506 1284 586 Καλλιμάχου
1298 513 1352 572 τοῦ
1374 530 1441 584 nou

335 623 401 682 τοῦ.
431 616 535 698 Vnde,
554 638 624 679 cum
639 615 818 679 nesciamus
835 613 1020 679 cuiusmodi
1036 615 1090 678 illa
1107 616 1266 680 institutio
1281 618 1383 694 fuerit,
1400 620 1443 680 siu

335 749 467 812 puerum
482 726 727 790 Eratosthenem
743 727 778 790 in
793 727 862 789 vico
878 725 1041 788 Eleusinio
1057 727 1123 789 eius
1139 726 1255 790 scholis
1277 728 1443 790 intertrusa

335 838 366 900 id
389 837 471 921 quod
494 838 598 900 minus
622 837 785 919 probabile
809 841 871 918 est,
897 858 967 899 cum
988 835 1171 900 Weicherto
1194 837 1215 899 l.
1241 859 1268 900 c.
1292 837 1378 919 dicis,
1401 840 1443 900 siu

336 948 496 1030 Euergcta
512 952 669 1031 regnante
685 948 725 1010 ab
741 969 778 1010 eo
793 948 901 1010 nescio
923 969 985 1030 qua
1005 946 1173 1030 disciplina
1189 947 1343 1011 eruditum
1365 949 1443 1031 poni-1

337 1059 386 1120 vix
415 1059 583 1140 ‹pricquaru
611 1058 749 1135 cilicina,
780 1079 875 1140 quam
898 1057 1128 1121 Callimachum
1151 1057 1364 1122 Eratosthene
1391 1072 1443 1121 nau

336 1169 504 1249 maiorem,
528 1168 587 1230 hoc
611 1173 659 1230 est
682 1172 757 1230 autc
780 1168 820 1230 ol.
848 1168 1041 1232 12511atum
1064 1190 1141 1232 esse.

420 1330 449 1392 6.
482 1330 643 1411 Apollonii
668 1330 733 1391 vita
756 1353 786 1412 p.
804 1331 824 1392 9
845 1330 894 1392 ed.
919 1329 1030 1392 well:
1056 1331 1255 1410 Καλλιμάχου
1277 1334 1443 1410 nabuthen

336 1443 392 1517 μὲν
414 1443 546 1518 πρῶτον
563 1443 667 1504 (υνὼν
690 1441 877 1522 Καλλιμάχῳ
899 1446 944 1522 τῷ
968 1440 1035 1524 ἰδίῳ
1059 1441 1254 1523 διδαεκάλῳ,
1278 1442 1341 1520 ὀψὲ
1364 1445 1396 1505 δὲ
1417 1447 1443 1504 tu

335 1552 373 1614 τά
396 1554 500 1615 ποιεῖν
523 1552 681 1628 ποιήματα
704 1551 868 1629 ἐτράπετο.
913 1549 1025 1613 Suidas
1049 1573 1077 1612 ν.
1102 1551 1188 1629 Ἴβιεε
1211 1551 1274 1616 Itu
1297 1555 1332 1616 δὲ
1354 1553 1443 1628 uolua

337 1661 617 1738 ἐπιτετηδευμένον
634 1660 676 1724 εἰ(
699 1661 856 1739 άεάφειαν
879 1663 928 1724 καὶ
951 1660 1114 1739 λοιδορίαν
1131 1660 1175 1724 εἴ(
1195 1681 1266 1725 τινα
1287 1663 1362 1740 Ἴβιν
1383 1663 1443 1734 γενέ

270 1795 319 1842 aaa
337 1791 435 1847 μενον
459 1771 575 1850 ἐχθρὸν
589 1775 647 1834 τοῦ
665 1771 878 1849 Καλλιμάχου·
901 1771 941 1847 ἦν
963 1772 998 1834 δὲ
1015 1769 1110 1834 οὗτοι
1133 1771 1353 1835 Ἀπολλώνιο(
1367 1773 1385 1834 δ
1398 1773 1443 1848 νμά

336 1899 401 1957 ψα(
429 1881 468 1943 τὰ
497 1881 731 1958 Ἀργοναυτικά.
777 1879 866 1942 Nihil
894 1880 927 1941 in
955 1879 1005 1941 his
1033 1880 1131 1960 inest,
1162 1901 1217 1941 cur
1245 1879 1443 1944 Callimacho}

337 1992 466 2070 propter
494 1989 673 2071 Apollonii,
708 2012 788 2072 quae
816 1988 1023 2052 Eratostheni
1051 1989 1191 2072 acquahs
1219 1993 1308 2072 erat,
1339 2000 1443 2053 aetatu

336 2099 390 2160 diu
413 2103 484 2180 post
500 2098 680 2182 Euergctae
704 2101 827 2182 imperii
851 2099 977 2161 initium
999 2103 1158 2162 mortuum
1174 2121 1241 2162 esse
1264 2105 1321 2162 aut
1345 2115 1442 2163 conten

337 2208 446 2271 damus
481 2213 536 2271 aut
566 2219 731 2290 negemus.
792 2209 859 2272 Nec
894 2211 963 2291 plus
1002 2209 1181 2290 proficimus
1216 2231 1325 2272 eorum
1359 2220 1443 2272 aetate

337 2341 469 2402 epiorum
497 2324 662 2402 praeterea
691 2326 745 2382 aut
773 2323 960 2402 praeceptor
989 2324 1044 2381 aut
1072 2319 1191 2382 amicus
1220 2319 1319 2382 luisse
1349 2320 1443 2382 dicitu

336 2435 371 2492 ut
387 2429 544 2493 Heracliti
561 2429 856 2493 Halicarnassensis
880 2429 985 2491 Strab.
1003 2427 1080 2491 XIV
1104 2451 1134 2511 p.
1151 2429 1224 2510 656,
1250 2428 1346 2512 Diog.
1371 2429 1443 2490 Lacu

337 2539 399 2620 IX,
432 2541 485 2620 17,
517 2539 758 2621 Philostephuui
788 2539 942 2620 Cyrenaei
973 2538 1090 2601 Athen.
1121 2537 1217 2619 VIII,
1246 2539 1308 2600 331
1328 2544 1368 2616 D,
1398 2537 1442 2599 lsh

338 2648 424 2713 Suid.
449 2647 581 2727 Ἴετροε,
610 2649 776 2732 Hermippi
800 2649 919 2711 Athen.
945 2647 1022 2710 XIII
1047 2671 1078 2730 p.
1101 2649 1164 2711 589
1180 2654 1212 2730 C,
1236 2647 1278 2710 al.

421 2818 533 2902 Itaque
561 2841 641 2901 quae
665 2842 701 2880 ex
732 2820 795 2900 his,
826 2820 851 2880 si
877 2821 978 2881 certos
1008 2839 1152 2880 numeros
1176 2818 1373 2900 (luaerimm,
1400 2837 1442 2878 ιυιι

338 2932 442 3010 stant,
468 2929 545 2992 hacc
569 2933 659 2991 sunt:
682 2936 840 2991 mortuum
863 2950 930 2990 csse
947 2928 1176 2992 Callimachum
1199 2928 1285 2990 inter
1300 2930 1343 2991 ol.
1363 2929 1441 2990 lane

342 3039 410 3118 139,
427 3039 458 3118 3,
483 3045 593 3100 ιιιι1ιιιιι
617 3061 676 3101 uec
692 3043 774 3128 autc
796 3039 836 3100 ol.
863 3039 921 3100 118
938 3059 997 3100 uec
1020 3042 1092 3120 post
1112 3037 1152 3099 ol.
1172 3035 1243 3100 126.
1279 3036 1350 3100 Iam
1371 3050 1441 3099 autu

338 3147 460 3209 accedit
483 3148 617 3211 Tzetzae
648 3150 694 3211 vel
725 3149 791 3210 eius
822 3147 925 3229 potius
953 3169 1046 3230 quem
1074 3147 1127 3208 ille
1158 3150 1324 3211 auctorem
1352 3159 1441 3210 secuta

338 3263 385 3319 est
421 3258 654 3338 testimouium,
692 3258 775 3340 quod
809 3256 1039 3322 Callimachum
1072 3255 1282 3339 Philadelpho
1321 3268 1441 3341 regium

338 3369 571 3432 adolescentem
593 3370 690 3431 fuisse
708 3369 856 3430 certiores
872 3391 929 3430 uos
952 3368 1040 3430 facit.
1081 3367 1137 3430 cui
1155 3387 1225 3428 cum
1241 3388 1308 3430 non
1333 3385 1440 3450 pupuau

337 3478 421 3540 tibus
445 3479 499 3559 iis,
524 3501 603 3561 qiuac
627 3479 753 3540 aliunde
772 3483 936 3559 coustant,
962 3501 1026 3540 uon
1050 3477 1091 3538 sit
1114 3498 1168 3538 cur
1191 3476 1268 3539 fides
1291 3478 1440 3559 abrogetur

338 3589 478 3670 sequitur
512 3611 632 3651 aruuuu
666 3589 806 3651 natalem
840 3589 937 3650 etium
972 3587 1054 3650 ultra
1088 3586 1128 3648 ol.
1165 3586 1225 3650 120
1258 3584 1440 3669 quaerenda:

338 3719 421 3777 esse,
454 3703 489 3760 ut
517 3700 622 3761 onmia
653 3699 733 3761 bene
762 3722 867 3761 secum
892 3697 1103 3780 composuisse
1126 3696 1218 3759 nobis
1241 3696 1439 3760 videamuw

339 3807 422 3869 iuter
454 3809 493 3870 ol.
522 3809 578 3871 121
604 3812 635 3870 ct
662 3809 720 3871 139
749 3809 814 3870 cius
844 3809 942 3871 vitam
972 3807 1211 3871 coercuerimus.
1263 3807 1317 3869 Ad
1345 3802 1439 3868 seuilm

338 3922 443 3980 autem
468 3940 538 3981 cum
562 3925 728 4000 provectus
752 3941 819 3980 esse
844 3919 987 3980 videatur
1010 3921 1149 3980 aetatem
1173 3919 1230 3998 ist·
1244 3919 1268 3978 t.
1292 3917 1363 3978 silv.
1385 3909 1439 3974 ll

337 4029 414 4107 ‘2533
439 4028 518 4092 Call.
544 4029 645 4111 epigr.
663 4028 714 4110 22,
740 4029 773 4108 ὃς,
798 4028 924 4090 Hecher
947 4051 977 4108 p.
998 4028 1062 4109 18),
1087 4049 1146 4090 nec
1169 4048 1251 4088 mors
1276 4049 1336 4090 nec
1357 4017 1437 4086 nauli

339 4160 440 4200 annus
480 4139 575 4218 louge
608 4139 648 4200 ab
682 4163 718 4201 eo
753 4161 846 4221 quern
876 4138 1044 4200 statuimus
1078 4137 1141 4198 fine
1174 4135 1322 4198 recedere
1358 4136 1438 4215 potest

339 4249 457 4310 lfoutra
485 4248 568 4312 hauc
598 4250 712 4311 aetatis
742 4249 960 4310 definitionem
988 4270 1025 4310 ca
1053 4269 1191 4330 (pioque,
1225 4268 1307 4328 quac
1335 4269 1351 4306 c
1377 4235 1438 4302 ouh

338 4356 442 4420 machi
467 4359 659 4421 carminibus
679 4365 710 4420 et
732 4359 925 4440 fragmentis
948 4358 988 4422 ad
1012 4379 1116 4420 rerum
1139 4355 1337 4439 publicarum
1359 4367 1438 4414 mauu
