2990 5140
446 335 481 380 ιν
505 334 788 382 λιιιοτουιιικοιι.
1121 317 1184 381 209

62 490 149 552 αὐτὸν
170 487 392 566 άπατήταντετ.
436 488 531 550 Ἀλλὰ
554 487 669 565 ρητέον
692 487 742 550 καὶ
770 486 799 550 τί
820 493 864 571 τῷ
896 487 953 570 βίῳ
975 491 1073 552 ταῦτα
1101 491 1183 551 λυτι-
1204 501 1251 548 ιτα

62 602 140 662 τελεῖ.
168 599 202 661 Ἡ
224 597 385 680 τραγῳδία
408 597 475 660 λύει
489 598 547 660 τὸν
571 597 658 676 βίον·
679 596 864 679 ήκωμιμδία
881 598 916 660 δὲ
932 602 1068 680 τυνιττᾷ·
1092 603 1183 674 θυμε-

62 711 147 771 λικοῑτ
168 709 202 770 δὲ
223 707 381 771 τοιούτοις
403 706 434 770 οἱ
457 707 585 784 τάτυροι
606 707 825 784 καθηδύνουτι.
858 708 979 786 λυρικοὶ
1001 709 1053 784 δέ,
1080 708 1113 770 οἳ
1134 707 1184 770 καὶ
1274 725 1279 735 ·

62 818 186 880 κυκλικοὶ
213 819 263 881 καὶ
289 817 490 896 διθύραμβοι,
518 818 537 894 ή
568 819 669 898 ήνουν
698 816 902 881 κυδαίνοντι(
925 817 1062 894 ἀθλητὰς
1085 817 1183 891 ἀγῶτι

42 931 205 990 ινικῶντας
236 927 255 1003 ἢ
289 927 410 1004 ὕμνουν
443 927 605 990 Διόνυτον
639 927 658 1003 ἢ
693 927 743 988 καὶ
779 925 909 1004 ἑτέρους
945 927 1047 990 θεούτ.
1101 927 1184 990 Ἐπεὶ

61 1040 185 1099 τοιαῦτα
214 1041 326 1116 ταφῶς
355 1037 427 1112 ἡμῖν
457 1036 507 1099 καὶ
535 1035 699 1112 ςυντόμως
731 1035 862 1114 ἐρρήθη,
896 1036 977 1114 φέρε
1010 1037 1060 1098 καὶ
1092 1035 1184 1098 ὅπως

61 1149 149 1209 ταῦτα
168 1147 206 1210 τά
228 1146 371 1224 δράματα
392 1146 583 1220 έδιδάτκετο,
606 1145 771 1209 διδακτέον
792 1164 853 1224 μοι.

133 1255 161 1317 4.
187 1256 330 1334 -Πρῶτον
359 1257 416 1332 μέν
444 1255 480 1319 ἐν
509 1255 626 1338 ἐαρινῷ
655 1237 752 1338 καιρῷ
786 1255 1051 1319 πολυαναλῶτοιτ
1082 1255 1183 1319 δαπά·

61 1385 120 1428 ναις
140 1365 414 1443 κατετκευάζετοὴ
436 1365 532 1442 ςκηνή
548 1363 743 1444 τριωρόφοιτ
759 1363 997 1441 οἰκοδομήματι,
1020 1366 1182 1428 πεποικιλ-

33 1476 127 1552 αμένη
148 1474 405 1552 παραπετάςματι
420 1475 469 1537 καὶ
492 1473 624 1537 ὀθόναιτ
646 1475 771 1537 λευκαῖς
786 1474 836 1536 καὶ
858 1473 1033 1550 μελαίναις,
1057 1473 1183 1552 βύρταιτ

60 1605 88 1646 τε
102 1585 306 1660 παταγούταιτ
323 1584 372 1647 καὶ
387 1583 612 1668 χειροτινάκτῳ
628 1584 712 1662 πυρλ,
729 1582 880 1661 ὀρύγμαςί
896 1603 929 1647 τε
945 1583 1124 1657 καταγαίοιτ
1134 1585 1183 1646 καὶ

61 1695 229 1774 ὺπογαίοιτ,
253 1695 303 1758 καὶ
317 1693 446 1759 ὑδάτων
467 1695 652 1771 δεξαμεναῑς
667 1691 712 1756 εἰς
730 1691 832 1756 τύπον
853 1693 1006 1770 θαλάττης
1024 1693 1184 1772 ταρτάρου

61 1803 131 1884 ᾅδου
150 1807 314 1883 κεραυνῶν
336 1805 386 1868 καὶ
407 1807 565 1882 βροντῶν,
586 1807 645 1880 γήτ
665 1803 715 1865 καλ
736 1803 869 1878 νυκτὸτ,
892 1801 1046 1880 ούρανοῦ,
1067 1803 1185 1880 ἡμέρας

61 1915 102 1975 καὶ
123 1913 308 1992 ἀνακτόρων
331 1913 380 1976 καὶ
408 1913 541 1978 πάντων
570 1911 695 1976 ἁπλῶτ·
723 1912 824 1974 αὐλάς
845 1931 879 1975 τε
902 1911 942 1975 ού
964 1912 1072 1992 μικρά(
1097 1911 1184 1990 εἶχεν

34 2023 286 2100 ιιέξειργατμένας
308 2024 359 2086 καὶ
381 2021 499 2100 ἀψῖδατ
522 2022 565 2086 εἰτ
594 2022 697 2086 τύπον
727 2023 823 2085 ὁδῶν.
867 2021 933 2084 Διά
955 2023 1012 2098 μἐν
1035 2021 1095 2085 ούν
1118 2021 1183 2100 ἀρι-

61 2135 157 2210 ττεράτ
178 2132 296 2212 άψῑδος
317 2132 474 2210 ἐχώρουν,
498 2133 538 2195 ἂν
561 2131 607 2195 ῶς
629 2132 663 2194 ἐκ
686 2131 814 2195 πόλεως
842 2130 919 2208 ἡταν
945 2131 1116 2196 δδεύοντετ
1140 2131 1184 2194 ιλις

61 2241 130 2316 πρὸτ
151 2243 270 2319 ἀγροὺς
293 2241 343 2304 καὶ
365 2243 495 2320 θέατρα·
520 2242 559 2304 ἂν
582 2242 618 2304 δὲ
641 2242 723 2319 πρὸς
746 2241 841 2304 πόλιν
865 2240 911 2302 ῶτ
938 2240 972 2302 ἐκ
999 2241 1142 2319 θεάτρων
1164 2241 1184 2318 ἢ

61 2349 107 2411 ἀπ’
126 2351 234 2430 ἀγροῦ,
258 2351 310 2415 διὰ
331 2353 442 2416 δεξιᾶς.
487 2351 626 2415 Τοιαύτα
648 2351 705 2426 μὲν
728 2349 748 2427 ἡ
770 2352 826 2426 τῆς
849 2351 962 2426 ςκηνήτ
984 2350 1119 2429 ἐργαςία.

126 2461 154 2522 5.
170 2461 216 2524 Τά
229 2461 357 2538 ςκηνικὰ
373 2463 401 2524 δ’
416 2459 469 2523 ἀπ’
481 2459 578 2538 αὐτῆς
593 2459 776 2536 καλούμενα
789 2458 933 2536 δράματα
948 2461 997 2522 καὶ
1009 2463 1185 2538 πρακτικῶτ

30 2583 50 2620 τι
62 2568 184 2635 ἐτελεῖτο
206 2571 258 2634 καὶ
280 2571 423 2644 λογικῶτ.
461 2569 606 2634 (ύττατιτ
628 2570 663 2632 δὲ
684 2568 810 2633 τούτων
827 2569 949 2647 ὑπῆρχε
971 2569 1011 2632 τὰ
1024 2572 1090 2632 τῶν
1108 2569 1184 2632 ὑπο-

60 2683 162 2756 κριτῶν
176 2683 349 2759 πρότωπα·
373 2679 531 2756 πρότωπα
553 2679 588 2742 δέ
610 2680 677 2741 τοῖτ
699 2679 756 2755 μὲν
772 2681 930 2755 τραγικοῖς
945 2679 995 2742 καὶ
1008 2681 1185 2757 ςατυρικαῑς

61 2785 115 2851 άνὰ
135 2792 242 2854 δεκαέξ
264 2789 357 2866 ήταν·
379 2789 398 2851 δ
422 2788 557 2866 κωμικὸτ
579 2789 614 2850 δέ
640 2785 727 2865 εἶχεν
749 2773 799 2850 κδ·
828 2787 848 2850 ἃ
871 2787 1028 2865 πρότωπα
1056 2787 1184 2866 ὑποκρι-

61 2897 120 2960 τικά
145 2905 208 2962 τῶν
240 2901 339 2976 τριῶν
368 2901 521 2976 ςκηνικῶν
549 2895 746 2975 ποιημάτων,
774 2897 813 2960 τὰ
841 2895 939 2961 οἰκεῖα
965 2902 1011 2980 τῷ
1039 2898 1111 2960 καθ’
1139 2897 1184 2960 ἑνλ

62 3006 155 3070 αύτῶν
186 3010 238 3073 καὶ
262 3007 378 3090 Ιοἰκείῳ
410 3007 624 3086 ήθροιτμένωτ
657 3027 686 3070 τι
719 3009 863 3086 δρῶντα,
900 3005 1000 3085 χορὸτ
1032 3007 1183 3070 ἐκαλεῖτο.

31 3132 50 3166 tt·
62 3117 225 3194 Διαιρεθεὶτ
241 3120 277 3181 δὲ
298 3118 432 3196 ὁχορός
448 3115 490 3180 εἰτ
506 3118 563 3193 μέν
578 3117 719 3194 τμήματα
734 3117 804 3190 δύο,
825 3115 972 3194 ἡμιχόρια
987 3117 1184 3194 ὠνομάζετο,

61 3231 308 3306 παραχρηςτικῶτ
336 3227 371 3290 δέ
399 3226 448 3289 καὶ
476 3226 587 3304 χορότ·
621 3225 648 3289 εἰ
676 3226 711 3288 δὲ
739 3225 783 3288 εἰτ
811 3225 869 3288 ἕνα
897 3225 954 3289 ένα
986 3226 1100 3306 ἐτμήθη
1136 3228 1186 3290 καλ

60 3338 185 3411 μερικὸν,
201 3337 369 3415 ὑποκριταὶ
384 3335 496 3398 άπλῶτ
511 3336 688 3400 ἐκαλοῦντο
703 3339 800 3417 κοινῷ
815 3341 861 3418 τῷ
874 3333 1017 3411 ὀνόματι,
1033 3337 1132 3400 διὰτὸ
1145 3338 1184 3414 μὴ

60 3443 196 3508 δύναςθαι
212 3449 267 3528 μιᾷ
289 3445 392 3523 κλήτει
414 3446 662 3524 περιληφθῆναι,
680 3443 757 3507 ῶτδ
779 3443 878 3522 χορὸτ
899 3444 950 3506 καὶ
971 3445 1010 3507 τὰ
1031 3445 1185 3524 ἡμιχόρια.

61 3552 259 3630 Διαιρούνται
281 3555 342 3632 γὰρ
364 3555 403 3618 τὰ
426 3554 535 3632 μερικά
556 3557 655 3616 ταῦτα
671 3552 714 3616 εἰτ
736 3553 835 3622 πότος
858 3552 901 3616 εἰς
923 3554 1186 3630 προλογίζοντατ,

31 3680 50 3716 υ
62 3661 98 3724 εἰς
118 3661 267 3740 ἄγγελον,
294 3663 337 3728 εἰτ
360 3663 541 3738 ἐξάγγελον,
565 3663 608 3727 εἰς
630 3662 864 3740 καταςκόπους,
892 3663 934 3726 εἰτ
956 3664 1118 3742 φύλακατ,
1143 3665 1185 3728 εἰτ

60 3769 173 3848 ἥρωατ,
197 3773 241 3837 εἰς
263 3774 373 3850 θεοὺς,
395 3772 438 3837 εἰτ
454 3772 536 3836 ἄλλα
551 3772 652 3850 μυρία.
681 3772 815 3836 Τούτων
831 3769 891 3837 οὖν
912 3776 978 3836 τῶν
999 3773 1186 3850 προτῶπων
1207 3781 1250 3827 ¹2¹

59 3879 101 3942 τά
120 3881 198 3946 ὅλον
232 3881 400 3960 ἄθροιτμα,
434 3882 453 3944 ὃ
487 3883 537 3945 καὶ
569 3883 669 3960 χορὸτ
702 3881 856 3953 ἐκαλεῖτο,
889 3881 1028 3945 εἰςελθὸν
1057 3881 1100 3945 εἰς
1128 3871 1186 3960 τήν

61 3987 239 4069 ὀργήςτραν,
262 3993 302 4070 ἣν
325 3991 449 4071 ἔφατον
471 3993 520 4054 καὶ
543 3994 672 4067 λογεῖον
694 4029 733 4039 —-
750 3993 808 4070 τήν
827 3993 862 4054 δὲ
883 3990 1048 4055 εἰτέλευςιν
1069 3991 1186 4068 ταύτην

119 4254 258 4308 meod.
312 4253 447 4310 θοὶοοιλ.
505 4253 841 4326 [θοίκοδωμήματιοοιλή
898 4251 1187 4320 14.dvux†6p01ceod.

62 4347 105 4396 ,θῶ
123 4347 171 4399 ἕνα
188 4350 254 4400 καθ’
271 4349 338 4402 ἕναθ
373 4347 403 4402 F.
422 4349 465 4418 λλ]

108 4447 150 4484 ιιι.
170 4450 331 4486 αιτιοιιιιιιι
353 4453 499 4488 διωκάθω
520 4455 538 4494 ι,
949 4437 986 4496 14
