2990 5140
299 331 360 394 164
598 347 848 397 coaonnamvn
872 349 1140 398 orsevrarlonrs

299 500 371 564 Sint
385 499 487 584 igitur
501 501 557 563 illa
572 502 620 564 vel
639 502 678 564 ab
700 503 768 585 ipso
784 502 909 565 demum
925 502 1042 564 'l'zetza
1063 501 1098 563 in
1113 500 1259 584 margine
1273 499 1422 583 adscripta

296 612 345 674 vel
375 611 415 672 ab
444 611 575 673 librario
604 612 736 673 extremi
765 611 883 674 saeculi
913 611 984 693 XV,
1014 633 1095 694 quae
1122 609 1215 673 Hasii
1243 631 1334 673 mens
1360 611 1422 672 fuit..

297 720 385 803 Ergo
413 721 592 803 quicunque
621 721 806 803 adscripsit,
839 721 939 784 voluit
972 725 1027 784 aut
1059 720 1250 802 depravata,
1284 719 1325 782 ad
1353 742 1423 802 quac

296 830 485 910 offenderet,
521 830 618 892 verba
646 831 821 914 corrigere,
856 834 912 892 aut
940 831 1003 893 alio
1033 829 1166 892 consilio
1193 829 1313 910 aliquid
1339 829 1424 892 adue

296 939 429 1002 tationis
457 939 592 1001 adicere.
644 940 744 1022 Atqui
774 939 887 1002 horum
921 943 1069 1002 neutrum
1102 939 1181 1001 satis
1215 938 1334 1020 poterit
1366 960 1423 1020 pro

297 1048 402 1111 babile
425 1048 535 1110 videri.
574 1047 658 1110 Nam
680 1049 818 1130 primum
841 1071 860 1110 a
882 1049 1062 1112 litterarum
1077 1047 1286 1111 similitudine
1304 1047 1425 1110 nimium

296 1159 381 1220 inter
403 1180 436 1221 se
459 1159 657 1239 discrepant:

422 1277 577 1360 Ἀθηναίῳ
601 1277 650 1340 καὶ
674 1277 885 1361 Ἀθηνοδώρῳ
909 1277 1041 1354 ἐπίκλην
1065 1276 1260 1355 Κορδυλίωνι

296 1390 329 1448 et
585 1387 740 1471 Ἀθηναίῳ
763 1408 812 1449 και
836 1407 894 1460 καγ
917 1387 968 1450 ἐπὶ
990 1387 1149 1462 uersatur:

297 1497 331 1556 ut
366 1494 516 1557 omissum
550 1494 720 1556 articulum
753 1495 927 1557 mittamus,
987 1493 1111 1557 Deinde
1144 1515 1256 1576 parum
1289 1496 1340 1556 est
1371 1494 1426 1555 reri

296 1604 415 1685 simile,
433 1605 515 1687 quod
532 1604 578 1666 ait
592 1603 711 1666 Hasius
726 1604 860 1666 obscura
876 1606 908 1665 et
925 1603 1057 1666 confusa
1072 1603 1293 1666 recordatione
1310 1602 1427 1664 infimae

297 1714 411 1775 aetatis
440 1713 604 1775 librarium
633 1713 848 1794 Byzantinum
878 1712 911 1774 in
940 1712 1044 1795 ipsum
1076 1712 1166 1774 illum
1194 1711 1429 1774 Athenodorum

296 1821 444 1884 incidisse
473 1844 510 1884 ac
542 1822 580 1883 de
609 1827 787 1904 temporum
817 1821 994 1884 rationibus
1024 1843 1169 1884 securum
1201 1819 1288 1882 illius
1322 1842 1427 1884 nornen

296 1932 341 1992 sio
368 1934 487 1993 temere
515 1931 702 2012 reposuisse.
753 1931 977 2015 ignorantiam
1005 1930 1174 2013 largimur:
1208 1929 1263 1992 sed
1295 1929 1427 1992 Athene

296 2039 406 2101 dorum
422 2039 644 2122 Cordyliouem
659 2041 880 2103 reconditioris
898 2039 1068 2103 memoriae
1091 2039 1252 2102 hominem
1274 2043 1428 2120 putamus,

296 2171 390 2231 quam
418 2149 471 2231 qui
499 2149 590 2212 istius
613 2150 697 2212 modi
720 2149 901 2232 Byzantino
930 2149 1025 2212 facile
1054 2151 1243 2211 occurreret.
1291 2147 1429 2230 Denique

295 2259 378 2341 quod
394 2258 561 2322 (homerus
578 2260 819 2322 Athenodorum
836 2258 1074 2322 commemorari
1096 2280 1162 2321 non
1176 2262 1212 2320 ut
1235 2257 1429 2320 Onomacriti

295 2371 327 2430 et
361 2369 552 2451 reliquorum
585 2369 618 2430 in
652 2369 837 2432 ordinandis
875 2368 1068 2432 carminibus
1099 2367 1279 2430 Homericis
1318 2368 1428 2429 socium

295 2482 418 2557 monet,
444 2477 497 2539 sed
521 2480 555 2539 ut
579 2481 740 2540 auctorem
761 2501 779 2539 a
802 2499 863 2560 quo
880 2499 969 2540 suam
993 2477 1031 2538 de
1046 2476 1235 2539 Pisistratea
1251 2477 1430 2538 recensione

243 2600 275 2646 48
294 2586 512 2648 narrationem
535 2586 651 2649 'lactan
680 2587 823 2668 petierit:
853 2609 893 2649 ne
922 2586 982 2650 hoc
1010 2586 1137 2668 quidem
1164 2584 1292 2668 placere
1319 2589 1428 2667 potest,

294 2699 461 2777 propterea
492 2695 617 2776 quidem
649 2696 730 2778 quod
765 2695 970 2778 philosophus
1002 2695 1064 2756 fuit
1092 2693 1337 2776 Athenodoms,
1372 2715 1428 2756 nou

293 2805 536 2888 grannnaticuS,
566 2827 625 2867 nec
648 2806 816 2887 quicquam
839 2805 1003 2887 scripsisse
1032 2807 1160 2886 praeter
1182 2802 1308 2866 Stoicae
1329 2803 1429 2885 dispu-

292 2913 431 2976 tationes
460 2913 658 2996 perhibetur:
689 2919 738 2995 ut,
774 2937 835 2996 quo
864 2914 988 2997 qualive
1016 2913 1146 2975 tandem
1174 2913 1256 2975 libro
1283 2914 1324 2975 de
1353 2913 1429 2974 curis

293 3022 471 3085 Homericis
487 3021 648 3085 Pisistrati
665 3024 765 3105 possit
781 3023 897 3086 dixisse
912 3023 1029 3102 videri,
1047 3021 1231 3105 neutiquam
1249 3021 1427 3104 intellegas.

292 3131 374 3194 Vide
397 3154 478 3214 quae
500 3131 538 3194 de
556 3132 762 3195 Athenodoro
778 3132 977 3216 chenerns
1001 3131 1163 3216 congessit
1185 3131 1223 3193 de
1240 3131 1315 3193 aula
1332 3130 1428 3193 Attal.

292 3263 323 3322 p.
353 3242 417 3304 224
446 3264 512 3324 sqq.
558 3242 670 3324 ltaque
699 3242 777 3323 etsi,
812 3265 873 3324 quo
900 3243 1007 3304 valeat
1034 3240 1196 3322 adscripta
1225 3240 1259 3302 in
1285 3241 1430 3322 margine

292 3350 432 3431 notatio,
462 3355 496 3412 ut
518 3373 604 3413 rumc
626 3373 676 3413 res
700 3356 764 3432 est,
795 3351 936 3432 expediri
966 3372 1036 3413 cum
1064 3349 1170 3432 aliqua
1197 3349 1430 3431 probabilitatis

292 3462 397 3541 specie
420 3461 545 3542 nequit,
570 3461 630 3523 hoc
652 3465 761 3523 tamen
778 3461 901 3522 videtur
918 3461 1064 3522 effectum
1087 3479 1170 3538 esse,
1195 3457 1276 3521 nihil
1300 3479 1371 3520 eam
1394 3455 1429 3517 ad

291 3569 360 3650 ipsa
382 3569 516 3631 'l'aetzac
540 3570 636 3632 verba
660 3568 859 3632 emendanda
887 3569 1063 3650 pertinere:
1093 3589 1154 3649 quo
1182 3567 1220 3628 fit
1241 3569 1277 3628 ut
1305 3567 1429 3648 integra

291 3677 352 3738 ista
381 3677 506 3758 quidem
533 3681 677 3762 quaestio
706 3680 749 3740 sit
771 3683 803 3740 et
831 3678 872 3739 ab
895 3677 1094 3740 Athenodori
1121 3675 1274 3738 memoria
1305 3695 1429 3759 prorsa

292 3785 446 3848 seiuncta.

376 3894 496 3957 Lacera
524 3897 623 3978 igitur
657 3897 689 3958 in
720 3897 826 3959 codice
855 3897 990 3959 'l'aetzae
1018 3896 1115 3959 verba
1143 3894 1251 3978 aliqua
1279 3898 1363 3958 certe
1393 3913 1428 3954 ex

290 4009 381 4087 parte
409 4004 453 4067 sic
483 4005 630 4088 expedire
661 4006 827 4068 (barnerus
857 4010 888 4067 et
911 4005 1029 4067 Hosius
1060 4005 1167 4067 conati
1196 4008 1288 4084 sinit,
1319 4009 1351 4066 ut
1377 4001 1429 4063 ille

290 4122 402 4194 poetae
425 4137 518 4197 quem
540 4116 727 4199 requirimus
753 4137 869 4178 nomen
892 4115 926 4176 in
949 4136 1008 4189 καγ
1030 4114 1161 4194 litteris,
1190 4113 1244 4175 hic
1268 4116 1372 4176 autem
1397 4110 1427 4170 in

289 4245 338 4286 και
361 4227 411 4288 ἐπὶ
435 4227 548 4306 (voluit
577 4225 669 4288 credo
698 4247 756 4300 καγ
780 4227 844 4298 ἐπί)
868 4225 998 4306 syllabis
1029 4222 1246 4306 quaerendum
1274 4220 1426 4300 simulque

288 4338 433 4408 κογκυλω
468 4338 647 4414 νυινιῳίηηι
679 4358 696 4392 e
730 4339 863 4415 κυκλικῳ
902 4334 1031 4396 diceret.
1092 4333 1267 4414 (agitabat
1300 4329 1425 4392 Hosius.
