2976 5140
440 395 486 440 nu
510 393 579 440 ouo
605 395 647 489 ar
670 395 812 442 ORIONE.
1132 381 1190 443 661

69 551 150 628 serit,
183 549 369 634 plerumque
399 549 549 612 nimirum
580 551 736 612 resectum
766 550 807 612 ab
829 549 1019 632 etymologis
1026 599 1035 632 ‚
1070 549 1195 613 veluto

68 659 221 743 descriptis
244 660 323 722 artis
347 659 424 722 locis
440 657 671 740 communibus,
695 659 744 722 vel
761 681 778 723 e
794 659 932 723 laudatis
948 661 1082 724 aliorum
1097 661 1195 744 serip-

69 775 160 834 tomm
180 769 383 834 testimoniis,
415 769 531 834 Sedete
554 769 603 833 his
626 764 766 834 seorsum
789 771 913 834 dicetur
935 771 1085 854 posthae:
1109 794 1195 841 nunc

69 885 163 946 autem
189 881 357 945 brevitatis
391 903 504 944 caussa
538 881 635 944 etiam
669 881 744 944 illae
778 903 870 945 voees
899 882 1196 966 praetermittentur

70 996 206 1074 cunctae,
235 1015 315 1076 quas
345 1013 417 1055 eum
446 1013 511 1055 non
540 991 795 1075 improbabiliter
821 993 860 1056 ad
890 993 945 1056 ori
973 994 1045 1072 περὶ
1072 993 1195 1057 πάθον(

69 1102 172 1166 libmm
201 1101 249 1166 vel
279 1103 377 1166 libros
406 1103 543 1184 referas,
572 1105 682 1166 tamen
713 1103 853 1186 potuisse
882 1107 967 1166 eerte
997 1103 1094 1166 etiam
1118 1102 1195 1166 alibi

68 1213 161 1276 locum
182 1213 326 1276 invenire
349 1235 439 1276 suum
463 1213 636 1276 identidem
659 1236 755 1296 supra
775 1200 1037 1296 significavimus,
1063 1235 1133 1276 eum
1156 1213 1195 1278 de

68 1322 284 1407 orthographia
307 1323 408 1408 deque
431 1324 568 1388 ethnicis
591 1323 781 1408 agebamus:
804 1347 882 1408 cpias
906 1323 1001 1388 facile
1022 1324 1112 1388 illino
1134 1325 1196 1388 ool-

68 1433 156 1496 leetas
176 1433 250 1497 huie
273 1434 371 1517 capiti
394 1433 502 1498 addas.
548 1433 748 1518 Quamquam
771 1435 945 1516 Αἴγυπτοε,
975 1435 1119 1515 Ἀβαρνί(
1142 1457 1196 1497 no

67 1541 144 1606 ruina
166 1547 197 1606 et
218 1545 352 1628 similia,
385 1545 462 1608 lieet
484 1545 539 1608 illa
562 1567 633 1608 eum
661 1551 775 1611 παθῶν
799 1546 1098 1610 conmemoratione
1123 1567 1195 1610 eon-

66 1652 175 1737 iuueta‚
203 1655 274 1738 quis
297 1655 427 1718 tandem
452 1655 561 1719 eredat
583 1657 617 1720 in
640 1655 689 1720 his
712 1657 935 1741 potiusquam
958 1657 992 1720 in
1015 1655 1094 1740 ipsis
1116 1655 1196 1720 Eth-

47 1762 137 1826 'nieis
160 1765 263 1848 posita
285 1765 408 1828 fnisse?
1168 1841 1174 1856 ,

140 1875 170 1938 2.
215 1875 486 1940 Proficiscentlnm
510 1880 559 1939 est
581 1877 621 1940 ab
643 1899 681 1942 ea
704 1877 887 1959 notatione,
918 1900 980 1961 qua
1002 1876 1069 1940 sola
1092 1899 1196 1940 serva-

66 1987 124 2046 tum
145 2007 213 2049 esse
236 1986 309 2049 libri
339 1986 476 2050 indicens
504 1987 640 2050 vidimus
669 1993 689 2066 ξ
716 1989 770 2070 19,
804 2011 899 2072 quarn
929 1987 1048 2051 ehartis
1071 1988 1196 2068 consig-

66 2115 169 2158 namus
192 2118 263 2160 eum
287 2097 359 2159 aliie
382 2097 587 2181 quibusdam,
619 2101 655 2161 ut
677 2099 822 2182 exempla
845 2101 986 2162 exstent:
1024 2099 1197 2179 βούλονταί

64 2225 138 2271 τινε(
160 2207 227 2271 ἀπὸ
249 2213 308 2272 τοῦ
331 2208 491 2288 (τερεό(
514 2207 596 2274 εἶναι
625 2216 766 2294 (υγκοπῇ
794 2210 904 2288 (τερόε
933 2211 982 2272 καὶ
1004 2213 1195 2293 πλεοναεμῷ

64 2315 166 2394 ἐτέρου
188 2339 207 2398 ρ
230 2319 402 2398 (τερρόε.
432 2319 503 2396 ἐμοὶ
525 2321 560 2383 δὲ
582 2323 670 2383 δοκεῖ
691 2323 815 2397 μᾶλλον
838 2321 875 2383 τὸ
899 2319 1026 2398 αερεό(
1049 2318 1115 2383 ἀπὸ
1136 2323 1196 2384 τοῦ

64 2428 182 2506 (ιερρόε
205 2427 303 2493 εἶναι·
331 2430 371 2493 τὰ
397 2429 459 2509 γὰρ
487 2428 530 2493 (1(
551 2450 604 2493 ναι
626 2429 841 2510 ἀπαρέμφοτα
862 2433 948 2494 ποιεῑ
970 2429 1013 2495 εἰ(
1036 2450 1093 2508 ρο(
1115 2429 1191 2494 ὀνό-

62 2557 135 2612 ματα
157 2539 363 2618 1εοεύλλαβα,
391 2539 463 2605 οἷον
486 2545 602 2619 μυῆναι
624 2540 761 2622 μυαρόε,
786 2541 925 2619 ῥυπῆνοι
948 2540 1107 2620 ponende,
1132 2544 1196 2617 διῆ-

62 2666 107 2710 νοι
127 2650 248 2732 erepet,
273 2653 424 2728 (ποθῆναι
447 2651 611 2730 (τοΘερό(·
639 2651 726 2715 οὕτω
754 2655 863 2728 (τῆνοι
891 2651 1000 2730 (τερόε
1028 2652 1078 2715 καὶ
1100 2653 1197 2715 πλεο-

62 2764 161 2842 vernei
184 2764 244 2824 τοῦ
268 2781 286 2839 ρ
310 2761 457 2839 (τερρόε,
480 2763 530 2824 καὶ
551 2765 610 2826 τοῦ
633 2783 648 2826 ε
670 2761 766 2826 πάλιν
790 2761 925 2840 (τερεόε.
969 2761 1074 2825 οὕτω(
1097 2759 1196 2839 Ὦρο(
1215 2767 1248 2814 63

64 2865 251 2948 ὁΜιλήειο(
273 2871 347 2950 περὶ
368 2871 505 2934 adeone:
540 2869 593 2934 Et.
619 2869 661 2933 M.
686 2893 718 2955 p.
742 2871 814 2952 726,
842 2873 878 2935 17
902 2871 974 2934 coll.
999 2891 1070 2933 eum
1093 2869 1194 2932 l‘aris.

61 2997 88 3056 p.
111 2978 191 3042 1036
214 2983 247 3042 et
269 2979 395 3042 Zonara
417 3002 448 3062 p.
475 2980 555 3044 1608
578 3003 623 3063 sq.
664 2980 857 3064 suecedent,
882 2981 1056 3064 dequibus
1079 2978 1198 3042 Hero-

61 3083 175 3152 liano
191 3091 275 3153 Orus
299 3093 355 3153 aut
370 3091 556 3154 adversatus
572 3094 620 3154 est
642 3096 699 3155 aut
721 3092 944 3175 adstipulatus.
977 3091 1083 3176 Atque
1100 3090 1198 3174 ipsius

60 3195 108 3260 ille
135 3199 192 3263 Ori
222 3201 407 3264 testimonio
436 3201 584 3264 laudetur
613 3201 645 3264 iu
675 3201 782 3284 Etyni.
815 3203 857 3265 111.
888 3224 918 3285 p.
944 3203 1022 3283 719,
1046 3203 1086 3264 31
1117 3221 1197 3264 οοιι.

59 3327 92 3368 ex
119 3309 239 3374 Orione
268 3334 300 3394 p.
327 3311 403 3393 147,
427 3312 462 3375 6:
500 3313 641 3376 (κότοε
668 3333 723 3360 -·
758 3314 788 3377 ot
816 3315 851 3378 δέ
878 3333 974 3394 φα(ιν
1003 3313 1052 3376 ὅτι
1080 3313 1198 3376 (κοπόε

58 3419 124 3498 (ἐτι,
148 3421 197 3486 ὅτι
221 3425 270 3486 δεῖ
292 3427 538 3501 προ(κοπεῑ(θοι
560 3424 618 3487 τὸν
641 3424 886 3504 προερχόμενον
910 3425 946 3488 ἐν
969 3423 1068 3506 αὐτῷ.
1093 3422 1198 3487 οὕτω(

57 3527 262 3610 Ἡρακλείδη(
285 3531 305 3596 ὁ
327 3534 363 3596 δὲ
385 3534 584 3612 Ἡρωδιανὸ(
611 3535 700 3614 παρὰ
726 3535 764 3597 τὸ
794 3535 916 3613 (χέθειν
939 3535 1019 3612 ἡμᾶ(
1042 3533 1197 3598 πολλάκι(

58 3641 211 3720 προϊέναι,
235 3642 255 3706 ὅ
278 3643 361 3706 ἐετιν
384 3643 532 3724 ἐπιεχεῑν.
569 3643 677 3724 Ὦροε.
722 3643 804 3706 ltem
828 3645 863 3708 ἐν
887 3645 1097 3722 ἐπιμερι(μοῑ(
1120 3664 1197 3706 voee

56 3749 199 3829 ῥυθμό(
221 3775 254 3835 ρ.
271 3752 344 3833 706,
370 3753 408 3816 14
431 3753 503 3816 ooll.
528 3776 599 3817 omn
616 3753 735 3817 Orione
757 3777 789 3837 p.
809 3755 879 3835 140,
896 3755 947 3816 30.
979 3753 1072 3816 Adde
1094 3753 1198 3832 ἧπαρ
1275 3831 1280 3840 .

55 3877 157 3924 vocem
181 3865 202 3942 ξ
228 3861 267 3925 18
289 3865 472 3926 tractatam.
519 3863 581 3926 sed
604 3865 665 3947 ipsi
693 3866 764 3944 περὶ
787 3869 900 3929 παθῶν
923 3863 997 3926 libri
1020 3861 1197 3926 Herodiani

54 3989 121 4032 cum
148 3972 206 4036 Ori
241 3973 371 4036 nomine
403 3972 583 4058 iunguntur
617 3997 649 4056 p.
680 3975 757 4056 719,
788 3977 823 4037 6ε
862 3975 1133 4053 (κορακι(μό(·
1168 3975 1197 4038 οἱ

53 4084 178 4148 παλαιοὶ
201 4084 295 4162 παρὰ·
311 4083 372 4148 δύο
395 4085 494 4150 λέξει(
517 4086 739 4162 διεζευγμένα(
761 4085 941 4164 παράγωγο
963 4089 1091 4149 ποιοῦο
1114 4087 1197 4148 πολ-

53 4189 151 4270 λάκιε,
182 4193 251 4256 Νέο
276 4193 371 4257 πόλι(
400 4195 616 4274 Νεαπολίτηε,
650 4197 737 4276 παρὰ
765 4196 912 4274 ποταμόν
943 4195 1197 4273 παραποτάμιο(

52 4301 134 4366 οὕτω
157 4303 209 4366 καὶ
232 4303 269 4368 τὸ
292 4305 502 4383 (κορακίζειψ
527 4306 560 4370 ἐ(
575 4305 721 4384 κόρακαε,
745 4307 956 4386 ἐ(κορακίῑειν
973 4307 1023 4368 καὶ
1046 4304 1196 4390 ἀποβολῇ

52 4415 105 4474 τοῦ
126 4433 142 4479 ε
166 4413 373 4494 (κοροκίῑειν.
419 4415 523 4484 οὕτω(
546 4416 662 4496 Ὧρο(,
692 4417 774 4482 ἀλλὰ
802 4417 853 4482 καὶ
875 4416 991 4496 Ὠρίων
1020 4417 1070 4480 καὶ
1097 4417 1197 4496 Ἡρω-
