2954 5134
355 399 616 448 euouonoorvn
639 399 919 450 vlnuouonunsu.
1143 385 1207 452 569

86 554 244 638 perscripto
264 553 384 619 πλόουι
407 557 503 638 atque
525 554 757 637 transpositum
779 553 813 618 in
835 553 955 619 Aldina
976 556 1093 622 πλοίου
1115 555 1206 636 λιμὴν

84 665 132 743 μὲν
152 665 195 730 dl.
236 663 354 738 Quibus
377 685 463 728 nuno
493 663 656 729 addendus
683 664 858 750 Georgides
881 663 1081 730 Boissonadii
1110 689 1141 750 p.
1164 665 1206 731 55

84 774 169 840 tacito
188 773 356 840 Menandri
385 773 515 840 nomine
542 774 622 839 haec
650 774 786 840 afferens
813 778 904 856 λιμὴν
932 778 988 855 μὲν
1011 775 1129 842 πλοίου
1151 776 1205 858 ὅρ-

83 905 146 964 μος,
175 885 273 965 λύπης
305 887 341 953 δὲ
373 889 462 952 νοῦς.
513 883 576 950 Tot
608 889 778 970 tantasque
810 885 1043 971 discrepantias
1072 889 1207 970 apparet

57 1018 60 1024 ¹
84 1017 141 1060 non
161 996 314 1062 erroribus
337 995 546 1062 scribentium
568 995 691 1060 deberi:
715 995 812 1060 immo
827 997 986 1062 arbitratu
999 1018 1056 1062 suo
1071 997 1113 1062 ab
1135 996 1206 1062 aliis

84 1105 166 1172 aliter
184 1106 338 1172 vanai-m
360 1127 429 1171 esec
451 1105 634 1191 putabimus
653 1106 850 1190 primitivam
873 1107 1012 1192 aliquam
1027 1108 1206 1172 sententiae

83 1215 216 1300 formam,
249 1238 331 1302 quae
364 1216 467 1301 qualis
499 1215 598 1280 fuerit
630 1216 683 1281 vix
716 1239 885 1303 assequare
913 1217 1105 1283 coniectura.
1157 1217 1206 1283 Fla

82 1324 138 1390 sive
157 1326 310 1412 originem
336 1326 428 1392 duxit
454 1347 474 1392 a
495 1325 712 1392 Menandro
739 1328 806 1393 sive
834 1328 875 1393 ab
902 1327 964 1394 boc
985 1331 1132 1413 suscepta
1158 1332 1207 1393 est

82 1439 208 1520 tantum,
235 1437 270 1502 in
293 1459 403 1503 versus
426 1437 585 1504 cancellos
607 1438 661 1502 vix
684 1439 748 1503 alio
770 1443 865 1523 atque
892 1439 952 1504 boc
974 1439 1068 1504 modo
1090 1439 1206 1504 intrat:

152 1547 292 1615 πλοίου
314 1551 383 1630 μὲν
406 1549 426 1614 ὁ
447 1551 576 1630 λιμὴν,
598 1552 668 1616 τοῦ
690 1550 773 1630 βίου
796 1551 829 1615 δ’
852 1549 973 1629 ὅρμος
996 1549 1121 1632 φίλος.

82 1655 153 1721 Nam
177 1681 287 1742 parum
315 1659 480 1744 probabile
507 1663 557 1724 eet
584 1659 715 1724 alterius
745 1659 907 1725 cuiusdam
934 1660 1081 1726 versiculi
1107 1661 1206 1744 parti-

85 1767 174 1833 culam
201 1769 330 1856 integro
358 1769 485 1834 senario
507 1769 695 1854 adhaerere,
727 1771 814 1835 velut
841 1771 939 1852 ὁμὲν
967 1773 1060 1852 λιμὴν
1081 1771 1207 1837 Πλοίου

79 1871 141 1944 ’ςτὶν
170 1879 281 1960 ὅρμος,
309 1881 329 1960 ἡ
356 1881 448 1962 φιλία
476 1883 511 1946 δὲ
539 1883 598 1946 τοῦ
626 1879 712 1963 βίου,
747 1881 798 1944 vel
828 1881 936 1962 ὁγὰρ
963 1883 1056 1962 λιμὴν
1081 1881 1206 1947 Πλοίοο

79 1983 144 2053 ’cuv
164 1989 277 2074 ὅρμος,
301 1994 360 2056 τοῦ
383 1991 455 2072 βίου
477 1993 511 2057 δ’
533 1990 667 2072 ἀλυπία,
692 1989 741 2054 vel
764 1989 867 2072 ὁγὰρ
890 1992 981 2073 λιμὴν
1001 1993 1126 2058 Πλοίοο
1149 1993 1205 2070 μὲν

81 2096 165 2178 ὅρμος
186 2101 257 2180 ἐςτί,
279 2104 336 2180 τῆς
357 2101 460 2180 λύπης
482 2101 545 2168 δ’ὁ
568 2104 654 2168 νοῦς.
689 2099 820 2188 [Confer
837 2123 923 2166 nunc
938 2101 1076 2167 Nauckii
1099 2101 1133 2166 in
1149 2101 1205 2166 lle-

80 2208 212 2294 rilegium
237 2211 394 2276 Leidense
420 2211 575 2276 adnotata
597 2210 756 2296 Philologi
779 2215 803 2276 t.
828 2211 874 2276 IX
897 2234 930 2296 p.
955 2211 1041 2300 369]

151 2321 191 2386 34
210 2321 242 2388 ol
270 2323 329 2402 μὲν
356 2323 496 2408 ἀμαθεῖς]
521 2321 795 2406 Demophiliorum
817 2323 858 2388 33
881 2345 912 2406 p.
936 2323 956 2388 8
980 2321 1052 2406 On,
1081 2321 1135 2386 ubi
1158 2326 1207 2386 est

80 2431 248 2510 ςυῐχέουςιν
270 2452 330 2516 pro
352 2433 393 2498 οὐ
415 2435 561 2499 ςυνιᾶςιν.
817 2455 822 2466 ·

151 2541 190 2606 36
211 2542 287 2609 οὔτε
310 2543 407 2628 γυνὴ]
429 2541 570 2608 Socratis
598 2543 682 2628 apud
709 2543 881 2608 Stobaeum
903 2541 976 2626 CX,
999 2543 1051 2626 26,
1080 2541 1133 2607 ubi
1158 2547 1207 2608 est

78 2648 159 2716 ἐλπὶς
175 2651 275 2733 ἀγαθὴ
300 2655 333 2716 et
347 2657 446 2736 γεννᾷ
461 2673 518 2736 pro
533 2652 614 2732 ἄγει,
637 2657 670 2718 et
691 2653 810 2718 rectius
831 2675 860 2720 τι
881 2655 1046 2735 χρήςιμονε
1070 2675 1146 2718 nam
1167 2655 1206 2721 τὸ

78 2761 214 2842 χρήομον
236 2767 404 2848 poetarum
426 2765 485 2826 est.

150 2873 188 2939 37
209 2875 326 2958 γῆρυς]
354 2872 538 2938 Democrito
565 2873 678 2938 tribuit
700 2873 857 2938 Maximus
880 2873 932 2940 CL
953 2896 985 2958 p.
1009 2873 1087 2958 240,
1110 2875 1152 2939 53
1175 2878 1207 2939 et

78 2979 200 3048 fortusse
232 2982 410 3068 Georgides
437 3005 470 3068 p.
498 2982 556 3068 24,
590 2981 753 3048 Herodoto
786 2987 897 3068 aperto
930 3005 1035 3048 errore
1068 2983 1205 3049 Mielrael

80 3089 250 3173 Apostolins
273 3092 338 3176 Vl,
361 3093 403 3158 22
428 3090 471 3180 [p.
494 3093 572 3176 344,
596 3094 665 3157 4la
687 3093 735 3158 ed.
759 3093 923 3178 Leutseh.‚
952 3094 1007 3159 nbi
1030 3097 1079 3159 est
1106 3097 1206 3176 Ήριίι-

78 3198 146 3287 λου]
176 3201 310 3268 Habent
331 3203 429 3268 etiam
452 3204 607 3268 Arrenius
630 3225 662 3287 p.
688 3203 744 3268 161
769 3207 802 3268 et
816 3205 947 3290 farrago
963 3205 1066 3270 Walz.
1084 3228 1114 3290 p.
1130 3206 1204 3270 498.

78 3305 308 3393 [Hexametrum
337 3313 471 3398 agnovit
498 3312 662 3377 Nauokius
695 3313 854 3399 Philologi
882 3314 913 3379 V
939 3338 970 3399 p.
999 3315 1062 3380 556
1095 3317 1127 3379 et
1159 3313 1205 3380 lX

77 3439 102 3500 p.
122 3421 203 3512 369]

149 3533 187 3597 37
209 3536 248 3600 τὸ
277 3535 336 3614 μὲν
364 3535 442 3618 πῦρ]
470 3533 611 3600 Socratis
639 3535 723 3618 apud
752 3533 925 3599 Stobaeum
947 3533 1010 3618 Vl,
1034 3535 1092 3617 32,
1120 3532 1234 3616 nude,

76 3637 220 3708 adsciscas
241 3643 423 3710 articulum.

149 3751 189 3818 38
209 3755 447 3840 Πρωταγόρας]
469 3753 558 3819 Stob.
583 3753 708 3838 XXIX,
731 3753 783 3820 80.

149 3863 190 3927 40
211 3865 387 3945 Διογένης·
415 3865 531 3950 ἀρχὴν]
557 3863 669 3930 Fallax
691 3865 774 3928 baud
798 3865 893 3929 dubie
914 3865 1092 3948 inscriptio.

149 3971 189 4036 44
210 3975 269 4040 τὸν
303 3973 469 4060 πλούςιον]
504 3973 613 4039 Simile
646 3973 801 4059 Diogenis
829 3973 948 4039 dietum
981 3979 1087 4040 exstat
1120 3973 1204 4058 apud

77 4075 161 4165 Diog.
183 4083 290 4148 baert.
314 4083 376 4168 VI,
399 4085 453 4168 47,
480 4085 535 4149 ubi
563 4085 634 4148 ride
657 4085 853 4169 Menagium.
900 4083 974 4172 [Pro
1001 4087 1059 4152 τὸν
1082 4084 1203 4148 Meina-

76 4184 138 4252 kius
158 4213 188 4274 p.
212 4193 239 4256 1.
259 4195 311 4258 rel
333 4195 410 4263 ίδιίιν
432 4195 483 4258 vel
505 4195 616 4280 ὁρῶν]

150 4300 191 4366 46
217 4304 237 4368 ὃ
271 4305 406 4389 μέλλεις]
439 4303 534 4369 Modo
566 4305 694 4369 Pittaco
727 4305 819 4371 modo
851 4305 980 4369 Thaleti
1012 4303 1205 4372 adscribitur

78 4407 152 4490 apud
173 4409 344 4480 Stobaeum
364 4413 427 4493 111,
446 4414 487 4479 79
492 4465 502 4498 ,
526 4414 680 4480 Orellium
697 4415 712 4480 I
729 4437 762 4502 p.
781 4417 858 4500 148,
876 4415 1048 4482 Arsenium
1063 4437 1095 4502 p.
1112 4417 1203 4503 (292)

1471 4115 1474 4194 ι
