2982 5146
345 401 392 448 ua
415 402 507 448 sinu.
531 401 635 448 anax.
659 401 703 446 nr
720 401 940 448 msrsrnaro.
1154 386 1213 448 157

56 555 123 618 ubi
148 554 181 618 iu
204 559 431 619 commixtorum
454 553 558 616 locum
581 557 737 634 ιυμμιγεῐ(
767 553 944 636 suffeceris,
975 553 1010 616 in
1036 560 1213 634 simplicium

56 677 92 728 et
118 671 303 744 dicatorum
326 663 445 742 ἀμιγεῖ(
476 665 525 728 καὶ
547 663 650 728 ἁπλᾶ(
674 664 810 744 βίβλους.
855 663 930 726 Non
957 684 1112 748 negamus
1135 663 1214 726 nulli

57 795 199 856 prorsus
221 773 416 836 dubitationi
437 773 541 836 locum
564 773 662 836 fuisse
684 773 845 854 relictum,
870 773 896 836 si
919 773 965 836 sic
988 773 1109 836 locutus
1133 777 1215 835 esset

56 883 203 947 Tzetna:
226 888 283 962 τῆ(
304 885 339 948 δὲ
361 887 427 949 τῶν
450 883 639 963 ἀνακτόρων
661 883 753 948 ἐντὸς
777 883 962 962 ὁλοιχερῶν
983 885 1041 960 μὲν
1056 881 1105 944 vel
1129 883 1215 946 ἀδια-

57 995 187 1072 κρίτων
212 992 262 1056 vel
283 993 423 1056 καθόλου
447 993 655 1076 (ὁλοεχερῶι,
683 991 883 1072 ἀδιακρίτωι)
910 993 967 1070 μὲν
994 994 1216 1071 κατηριθμημέ-

58 1124 140 1168 νων
157 1103 289 1182 ἀριθμό(
304 1103 536 1182 τειεαρὰκοντα
550 1101 709 1182 μυριάδες,
727 1101 972 1181 διακεκριμένων
987 1103 1022 1166 δὲ
1037 1103 1086 1165 καὶ
1102 1101 1216 1167 ἁπλῶν

58 1236 92 1276 κ.
122 1234 149 1276 τ.
175 1215 202 1276 λ.
232 1210 352 1275 Verum
375 1233 446 1275 cum
467 1211 524 1274 illa
546 1211 653 1294 priora
674 1213 783 1273 tamen
806 1209 945 1292 potuisse
967 1210 1064 1274 etiam
1085 1216 1216 1290 ευμμιγῆ

60 1332 137 1384 non
160 1320 270 1404 inepte
293 1320 356 1384 dici
379 1319 614 1384 concedendum
635 1320 692 1383 sit:
716 1319 948 1383 consectarium
971 1323 1055 1401 erat,
1080 1323 1115 1384 ut
1136 1343 1217 1404 quac

60 1431 116 1493 eis
133 1433 372 1514 opponerentur
386 1433 550 1514 tamquam
566 1429 743 1512 contraria,
766 1429 926 1492 contrario
950 1429 1048 1492 ctiam
1063 1429 1216 1494 vocabulo
1235 1439 1268 1484 40

61 1540 350 1624 significarentur:
382 1540 423 1602 ab
446 1561 482 1603 eo
510 1539 710 1622 potissimum
732 1539 903 1622 scriptore,
933 1539 1003 1622 qui,
1032 1561 1112 1622 quim
1135 1539 1217 1602 ratio

61 1653 158 1713 esset
187 1649 404 1732 oppositorum
431 1649 573 1732 illorum,
608 1649 676 1731 ipse
703 1647 839 1712 fortasse
869 1669 982 1730 parum
1010 1647 1215 1732 perspiceret.

62 1757 212 1822 Accedit
239 1757 324 1820 aliud
353 1757 519 1841 quiddam,
549 1779 566 1820 e
593 1757 772 1841 propinquo
799 1778 916 1840 genere
944 1757 1090 1840 petitum.
1135 1757 1217 1833 Quid

62 1868 161 1930 enim
190 1867 268 1929 illud
296 1887 364 1930 osse
391 1867 548 1950 dicamus,
578 1866 677 1950 quod,
706 1888 783 1950 quos
811 1889 830 1929 a
858 1867 982 1950 graecis
1010 1867 1217 1950 scriptoribus

62 1977 176 2040 editos
199 1976 301 2038 varii
327 1976 376 2039 vel
398 1977 511 2040 mixti
533 1975 757 2060 argumenti
780 1976 877 2040 libros
893 1976 1054 2060 novimus,
1077 1976 1105 2040 ei
1128 1999 1216 2040 uum-

62 2109 171 2170 quam
199 2089 274 2149 sunt
300 2091 456 2166 εαμμιγεῑ(
484 2085 661 2170 appellati?
710 2085 824 2160 Qualia
852 2085 1114 2168 quemadmodum
1143 2108 1216 2149 cou-

63 2199 201 2258 stanter
223 2196 376 2274 (ύμμικτα
403 2195 508 2278 potius
530 2195 748 2259 inscribuntur
771 2201 803 2258 et
831 2196 979 2275 (ύμμικτα
1007 2195 1217 2275 ὑπομνήματα

63 2309 102 2368 et
128 2326 211 2388 quae
233 2309 308 2367 sunt
330 2303 462 2368 similia:
486 2303 711 2368 eodemmodo
739 2304 853 2366 mixti
882 2305 1108 2387 argumenti
1132 2305 1216 2368 volu-

62 2416 163 2478 mina
187 2413 218 2477 h.
235 2435 262 2477 e.
286 2413 428 2477 miscella
443 2417 627 2496 oportuerat
650 2415 799 2494 εύμμικτα
820 2413 892 2476 dici.
925 2419 954 2475 A
977 2413 1090 2496 quibus
1114 2435 1217 2493 ευμμι-

61 2527 138 2601 γεῑ(
162 2523 211 2586 ita
233 2523 400 2606 differunt,
424 2525 539 2586 utnon
557 2522 754 2606 singulorum
771 2521 892 2585 indoles
908 2522 1074 2604 multiplex
1097 2527 1217 2604 specte-

62 2639 140 2714 tur,
167 2631 223 2695 sed
246 2633 346 2695 mixta
362 2631 507 2696 condicio
529 2631 747 2695 universorum
769 2635 931 2716 tamquam
953 2633 1217 2710 ιυμμεμιγμένων.

63 2741 165 2818 Quod
188 2741 316 2824 quidem
338 2742 397 2805 etsi
420 2741 511 2825 licet,
535 2763 600 2804 non
623 2741 701 2804 libet
723 2745 832 2804 tamen
847 2741 900 2805 hic
917 2741 1064 2824 persequi
1079 2741 1216 2824 longius.

65 2851 145 2916 Hoc
169 2873 268 2914 unum
290 2850 390 2934 addc,
413 2850 512 2914 etiam
534 2851 568 2914 in
590 2851 723 2914 metrico
745 2872 863 2934 genere
880 2851 1029 2931 (ύμμικτα
1051 2849 1129 2932 diei,
1154 2873 1218 2913 non

65 2965 207 3040 (υμμιγῆ
237 2960 322 3044 apud
348 2959 632 3044 Hephaestionem.
656 2997 698 3008 —-
725 2959 787 3024 Sed
816 2961 850 3023 in
877 2966 1061 3038 diaretorum
1090 2959 1218 3022 nomine

67 3093 139 3134 nou
164 3069 302 3151 amplius
324 3068 530 3132 haerendum.
561 3069 610 3133 Eo
631 3070 716 3132 enim
739 3070 785 3132 ita
806 3069 969 3132 nitebatur
991 3091 1072 3131 uuus
1093 3089 1110 3130 e
1133 3068 1218 3150 priu-

67 3179 201 3264 cipibus
224 3178 301 3242 viris
324 3177 532 3262 Germaniae,
562 3179 721 3242 Gustavus
745 3177 841 3262 Hugo
868 3177 954 3240 lctus
977 3177 1218 3260 illustrissimus,

67 3294 106 3352 ut
131 3289 176 3352 ad
199 3309 257 3352 nos
273 3311 311 3351 ea
333 3289 546 3372 perscriberet
568 3287 811 3370 humanissime,
836 3309 916 3371 quae
931 3287 1082 3370 quoniam
1097 3291 1129 3350 et
1148 3287 1218 3350 sub·

66 3399 179 3462 tiliter
207 3401 240 3460 ct
267 3397 388 3461 erudite
415 3397 578 3482 disputata
606 3402 697 3480 sunt,
727 3398 761 3462 iu
783 3397 847 3460 ima
875 3397 995 3481 pagina
1018 3396 1218 3478 subiecimus,

67 3507 210 3571 resectis
232 3507 360 3590 quidem
381 3528 462 3590 quae
486 3507 525 3570 ad
548 3527 700 3590 personas
722 3511 849 3570 tantum
871 3506 1062 3590 spectant.*)

71 3705 282 3714 7----·-.---

144 3835 172 3900 ⁸)
192 3877 260 3887 ....
279 3855 350 3888 menn
369 3837 417 3888 Illr
435 3837 552 3889 Scholion
571 3853 600 3888 :u
615 3841 719 3889 Plautus
731 3839 799 3889 nlrlt
811 3839 874 3889 nort
887 3838 973 3888 Etwaa
991 3837 1121 3898 errtticlte,
1139 3839 1222 3886 wornlt

69 3933 115 3980 ιάῘι
133 3929 200 3979 mint
216 3929 310 3992 frater
326 3931 488 3996 berrddffttpe
504 3931 581 3994 liobe,
605 3933 727 3980 ιιιῖΙιικΙίι-Ιι
744 3934 792 3981 das
815 3933 891 3980 Wart
909 3933 1034 3992 dlqestu
1052 3931 1076 3978 ιἰι
1099 3931 1154 3978 dem
1175 3929 1221 3976 Ge-

67 4031 184 4090 qensolz
206 4024 389 4086 simplicium
413 4031 443 4072 ct
469 4025 661 4087 clipeatorum
682 4041 763 4088 peqcn
785 4026 1024 4072 cassistelorum.
1066 4023 1098 4070 In
1120 4023 1221 4069 melnen

71 4119 204 4182 Μαρατία
229 4115 262 4167 B.
281 4119 296 4164 6
316 4116 348 4167 H.
369 4120 385 4164 2
407 4115 471 4165 teate
493 4117 533 4165 ιάΙι
554 4117 631 4166 redon
656 4133 701 4166 nor
724 4119 740 4166 8
761 4117 857 4166 dulmen
880 4133 927 4164 mm
951 4115 978 4167 S.
1000 4117 1048 4164 148
1071 4115 1108 4162 aa
1127 4113 1153 4162 S.
1177 4117 1223 4162 too

71 4209 245 4274 rrusqef'udrt,
264 4210 324 4257 dass
342 4211 493 4272 digerere
511 4209 590 4268 nield,
608 4210 655 4258 tole
667 4225 723 4258 ικαιι
736 4225 763 4257 es
775 4211 844 4270 jelzt
861 4209 914 4270 sust
932 4211 1062 4270 rillqemetu
1081 4209 1175 4262 nlruml,
1193 4223 1222 4256 ro

73 4305 126 4352 niel
144 4302 186 4349 alr
205 4299 320 4361 osunen,
342 4303 454 4350 sondern
472 4303 592 4350 :eradebat
609 4319 656 4349 narr
677 4301 818 4351 Einrleiteu
841 4303 931 4356 taisel,
953 4301 1035 4349 aromo
1055 4301 1156 4362 srer'lr'clu
1175 4301 1222 4349 dar

74 4394 186 4444 ornnes
198 4393 262 4442 oncle
274 4393 312 4454 ost
323 4393 549 4456 zrnnmmrnbdnpt,
569 4393 630 4442 uter
643 4395 712 4442 nictl
723 4395 819 4456 imrrrer,
838 4397 883 4442 ude
896 4410 915 4446 z.
930 4393 962 4446 B,
977 4395 1072 4456 perede
1085 4395 1110 4442 ln
1123 4409 1222 4442 ιιιιιεινιι
