2954 5134
343 377 605 428 usououoauvu
627 377 909 428 vusnoaounssn.
1133 363 1193 429 561

81 535 171 595 autem
191 553 257 596 cum
278 536 379 598 semet
401 533 462 616 ipsi
490 531 613 597 alienos
635 531 825 616 profitentur
852 531 894 596 ab
916 531 1120 616 antiquarum
1142 551 1197 616 po·

80 641 215 706 tissimum
242 642 421 708 litterarum
449 641 578 726 studiis,
608 641 650 706 ab
678 664 715 708 ea
738 641 865 727 quidem
893 641 1090 726 professione
1112 641 1196 708 vide·

79 751 134 816 rint
157 773 194 818 ne
220 754 336 818 rectius
365 753 406 818 ad
433 756 534 818 semet
562 752 737 838 culpandos
764 751 1008 837 proficiscantur
1035 753 1196 838 quemad

79 883 139 926 eum
156 885 269 929 morem
291 863 501 948 carpeudmn,
531 863 586 948 qui
613 885 680 928 non
701 867 750 928 est
772 863 836 928 alio
865 864 997 929 consilio
1019 864 1196 948 institutus,

79 973 129 1036 nisi
148 995 203 1059 quo
224 974 294 1060 ipsa
316 995 369 1039 ars
384 973 579 1060 philologica
602 973 816 1040 necessarium
838 973 1086 1039 instrumentum
1108 995 1197 1060 prae·

78 1082 183 1148 dicatur
214 1086 408 1170 reliquarum
444 1085 685 1168 disciplinarum
723 1085 879 1150 omnium:
921 1106 960 1150 ac
996 1085 1199 1170 praedicatur

77 1194 228 1261 venssime.
266 1195 386 1261 Verum
408 1198 444 1260 ut
465 1195 636 1260 toleremus
658 1195 890 1280 aliquantisper
911 1195 961 1259 vel
984 1193 1198 1261 condonemus

78 1303 185 1370 illorum
204 1307 339 1390 fastum,
362 1305 437 1392 quid
459 1304 591 1370 tandem
613 1327 681 1370 esse
703 1305 901 1390 putabimus,
930 1305 1014 1391 quod
1036 1305 1071 1371 in
1092 1327 1198 1391 repro

76 1413 203 1480 batorum
224 1418 329 1482 locum
351 1415 542 1482 substituere
564 1415 619 1480 isti
641 1415 804 1482 delicatuli
827 1416 969 1482 animum
990 1416 1199 1482 induxerint?

76 1525 311 1612 quandoquidem
333 1549 398 1592 non
421 1531 527 1611 potest
549 1529 635 1592 certe
657 1527 738 1592 alius
759 1525 950 1612 disciplinae
978 1527 1073 1592 ullius
1098 1527 1200 1594 maior

76 1633 196 1702 inhane
217 1659 285 1703 rem
313 1659 387 1702 ussa
417 1658 496 1702 esse.
541 1637 671 1702 Scilicet
698 1637 865 1702 illecebras
894 1637 1035 1702 locorum
1061 1659 1198 1702 commu·

75 1744 149 1810 mum
177 1751 347 1832 expetunt,
375 1751 432 1843 aut
459 1747 633 1812 luminibus
661 1747 850 1832 quibusdum
878 1747 1032 1812 orationis
1061 1747 1199 1813 illustra·

75 1857 177 1941 urum,
213 1861 269 1922 aut
302 1859 458 1943 pristinae
491 1857 707 1942 simplicitatis
744 1858 889 1942 exemplo
930 1859 1033 1924 tribus
1072 1861 1200 1924 tantum

76 1967 162 2031 verbis
192 1969 449 2053 perstrictorum:
483 1991 521 2032 ex
550 1990 587 2034 eo
614 1968 816 2054 potissimum
843 1989 979 2054 genere,
1013 1968 1098 2054 quod
1126 1991 1199 2034 con·

74 2073 231 2143 formandis
260 2078 531 2164 emendandisque
563 2079 703 2144 moribus
737 2083 848 2164 aptum
879 2079 938 2144 eit:
976 2079 1105 2144 brevem
1132 2079 1199 2144 fere

74 2185 230 2254 studiorum
260 2188 587 2274 commendationem,
617 2193 765 2254 suenuas
792 2189 832 2255 ad
861 2189 1064 2275 diligentiam
1086 2189 1199 2254 adhor-

74 2297 210 2384 tationes,
244 2301 333 2365 vitae
366 2303 452 2364 recte
485 2299 702 2364 instituendae
736 2300 880 2365 consilia.
931 2298 1033 2376 Quam
1066 2299 1100 2364 in
1133 2320 1200 2364 rem

74 2410 211 2474 autmari
234 2410 270 2475 F.
288 2409 329 2474 A.
346 2409 456 2474 Wolfii
480 2409 658 2494 exemplum
681 2410 800 2476 solent:
824 2410 912 2476 cuius
933 2409 996 2474 fuit
1018 2429 1096 2474 sane
1117 2409 1200 2475 mira

73 2513 203 2585 iuistiue
223 2521 312 2586 modi
334 2521 533 2605 argumentis
551 2520 728 2586 tractandis
751 2522 892 2586 suavitas
919 2523 951 2584 et
972 2519 1200 2606 propemodum

73 2625 227 2712 singularis
260 2630 435 2717 elegantia.
492 2631 607 2716 Atqui,
646 2631 706 2696 hoc
742 2635 778 2696 ut
810 2633 976 2696 teneamus
1008 2629 1199 2717 exemplum,

73 2759 153 2820 quam
169 2741 222 2807 diu
239 2741 375 2807 coluisse
390 2739 543 2806 Wolfium
565 2741 655 2806 illam
677 2739 846 2826 praefandi
868 2741 1026 2806 rationem
1049 2739 1201 2807 creditis?

74 2845 215 2916 Nimirum
236 2851 309 2937 ipsa
332 2852 377 2916 rei
401 2851 568 2917 ieiunitate
590 2851 793 2937 locorumque
815 2850 966 2915 similium
988 2850 1092 2916 denuo
1114 2871 1200 2917 recc-

73 2961 252 3040 quendorum
275 2961 422 3027 molestia
444 2984 510 3027 non
532 2962 636 3046 potuit
658 2962 688 3026 ei
709 2983 776 3027 non
797 2964 925 3028 tantum
939 2959 1063 3026 fastidii
1086 2962 1198 3046 creari,

73 3067 137 3150 quin
156 3071 228 3155 post
250 3095 344 3138 suum
366 3072 444 3136 illud
465 3079 658 3154 mumpss‘mtu
688 3075 721 3137 et
742 3072 807 3138 alia
834 3071 992 3158 quaedam
1013 3072 1133 3157 partim
1155 3072 1200 3138 fe-

73 3177 156 3263 stive,
184 3183 305 3270 partim
333 3183 491 3268 graviter,
520 3183 576 3248 sed
600 3185 715 3248 cuncta
744 3183 942 3268 populariter
968 3183 1133 3268 proposita
1160 3182 1200 3247 ad

73 3291 196 3358 avemus
225 3293 466 3359 commentandi
493 3315 595 3379 genus
630 3315 698 3359 sese
731 3297 835 3359 totum
863 3297 1078 3378 converteret,
1113 3293 1200 3358 cuius

75 3403 146 3464 terte
170 3424 346 3488 numquam
369 3403 518 3470 defutura
548 3405 686 3470 varietas
720 3407 819 3470 esset:
853 3404 894 3469 ad
927 3403 1119 3469 illustranda
1151 3403 1201 3467 vel

73 3511 258 3578 emendanda
280 3511 442 3598 Platonis,
473 3515 650 3598 Ciceronis,
680 3513 785 3580 Taciti
814 3511 915 3579 dictes
943 3535 1042 3600 eaque
1070 3514 1105 3578 in
1129 3533 1201 3578 con·

74 3619 223 3688 suetudine
251 3623 420 3708 postmodo
447 3625 598 3710 perstitit.
655 3623 796 3709 Expedit
822 3623 922 3708 ipsius
944 3625 1042 3689 verba
1063 3623 1126 3689 hue
1148 3626 1201 3689 ad·

73 3727 190 3796 sciscere
213 3755 231 3798 e
259 3755 292 3819 p.
315 3734 357 3800 93
386 3735 700 3802 Commentationum
732 3734 947 3800 miscellamm
975 3733 1202 3822 t‘Verruisohte

73 3833 220 3910 Schriften
242 3845 309 3910 und
333 3845 511 3934 Aufsuue’]
535 3846 637 3912 invito
660 3850 788 3911 auctore
810 3843 903 3911 Halia
926 3867 956 3911 a.
979 3843 1203 3915 olomucen
1220 3857 1258 3913 iv

73 3945 232 4040 fditarmn,
255 3955 311 4020 ubi
333 3962 486 4022 mittamus
513 3963 683 4038 aliquando
710 3957 814 4042 inquit
841 3963 1035 4038 vulparia,
1064 3977 1143 4038 quae
1169 3962 1202 4021 ta

71 4060 111 4122 lis
135 4071 360 4144 semimitas
387 4079 480 4131 autea
508 4073 674 4133 solebamus
707 4071 827 4146 ludere,
861 4081 890 4132 ct
921 4073 1018 4133 locum
1051 4071 1202 4149 quendam

73 4181 259 4242 causamn
291 4181 462 4242 litterarum
492 4189 664 4244 tractemus.
709 4175 753 4241 Et
791 4177 898 4262 paullo
932 4181 1020 4262 post:
1050 4183 1203 4258 pertinent

73 4293 161 4348 uatem
186 4291 231 4351 cd
256 4305 439 4353 communem
466 4293 650 4354 sumtuum
683 4309 722 4356 uc
749 4293 919 4354 liberalium
946 4292 1099 4354 hominum
1132 4293 1201 4352 doc·

73 4395 171 4459 turum
202 4401 228 4461 is·
257 4401 421 4480 scriptores
445 4403 592 4476 maxime,
628 4419 701 4476 quos
736 4405 868 4464 Groecr'o
900 4404 984 4462 notis
1019 4407 1049 4462 et
1083 4401 1202 4464 Latium

116 4511 155 4548 ra
173 4515 337 4553 assecutam
357 4517 503 4554 cruscuas
523 4519 541 4553 r.
1001 4483 1042 4544 36
