2942 5134
632 423 678 468 Ds
701 419 850 468 CANTICO
875 419 1080 467 SOPHOGLEO

389 577 556 656 εημάντωρ
578 577 704 641 ἁλιώεει
727 574 794 654 χερὶ
816 573 946 653 πέρεαε·
975 571 994 636 ὁ
1016 573 1051 635 t'
1073 572 1176 636 ἐεαιὲν
1198 572 1279 651 ὁρῶν
1297 570 1384 634 κύκλα

390 687 510 751 λεύεεει
531 708 582 752 νιν
607 686 733 766 Μορίου
755 684 837 752 Διὸς
880 683 922 761 χά
942 684 1125 758 γλαυκῶπι(
1148 682 1266 747 Ἀθάνα

391 839 492 904 ἄλλον
514 839 548 902 δ’
570 837 665 903 αἶνον
687 836 752 916 ἔχον
775 835 969 914 ματροπόλει
991 838 1065 916 τᾷδε
1087 835 1258 914 κράτιετον,

390 952 499 1027 δῶρον
522 945 581 1011 τοῦ
603 947 744 1024 μεγάλου
766 945 929 1022 δαίμονοε,
952 945 1077 1024 αὔχημα
1097 945 1249 1022 μέγιετον,

390 1058 528 1122 εὔιππον
552 1055 703 1121 εὔπωλον
726 1055 929 1120 εὐθάλαεεον.

350 1167 351 1170 ’
390 1167 497 1231 ῶπαῐ
521 1167 656 1246 Κρόνου,
679 1167 715 1229 εὺ
737 1166 798 1245 γάρ
820 1185 871 1231 νιν
894 1166 937 1229 εἰ(
979 1166 1051 1229 τόδ’
1079 1165 1163 1228 εἶτα(
1185 1163 1305 1242 αὔχημ’,
1331 1161 1390 1226 daal

1052 1273 1221 1350 Ποτειδὰν,

388 1387 531 1452 ἵπποιειν
554 1387 612 1451 τὸν
635 1385 788 1466 ἀκεετῆρα
811 1385 944 1464 χαλινὸν

390 1499 543 1577 πρώταιει
565 1499 670 1561 ταῑεδε
692 1495 795 1560 κτίεαε
818 1494 955 1570 diutule·

390 1609 428 1671 td
450 1608 485 1671 δ’
509 1607 683 1685 εὐήρετμοε
706 1603 843 1681 ἔκπαγλ’
866 1605 938 1669 ἁλία
959 1607 1046 1684 χερεὶ
1068 1605 1295 1684 παραπτομὲνα
1313 1600 1395 1664 πλάτα

390 1717 522 1795 θρώεκει
543 1720 609 1782 τῶν
632 1715 862 1796 ἑκατομπόδων
907 1715 1063 1798 Νηρῄδων
1085 1714 1271 1779 άκόλονθοε.

369 1893 476 1956 Pauca
492 1895 616 1956 restant
631 1892 829 1974 secundaria,
847 1913 927 1975 quae
942 1912 983 1954 ne
998 1889 1162 1975 tetigimus
1177 1890 1300 1974 quidem
1313 1908 1396 1970 supra

286 2004 405 2067 llorum
427 2004 651 2087 gravissnnmn
674 2003 713 2065 ad
736 2002 951 2082 ἀχείρητον
973 2001 1114 2084 pertinet
1135 2023 1166 2066 ν.
1190 2001 1252 2064 698
1274 1998 1397 2083 positum.

286 2113 375 2189 Quod
404 2135 474 2176 cum
501 2112 735 2175 Laurentianus
763 2114 883 2192 servet,
918 2111 1079 2193 antiquior
1105 2132 1182 2173 sane
1211 2109 1399 2173 Laurentiano
1447 2127 1448 2200 p

285 2224 377 2287 testis
395 2223 508 2286 Pollux
526 2222 641 2286 Onom.
662 2221 709 2304 Il,
730 2221 791 2305 154
806 2221 1026 2302 ἀχείρωτον
1047 2220 1169 2303 prodit:
1193 2220 1359 2300 ἀχείρωτον
1375 2218 1400 2278 u
1447 2239 1448 2312 ]

287 2335 455 2414 (οφοκλῆε
479 2332 583 2412 εἴρηκε
605 2333 642 2396 τὸ
666 2331 928 2413 ἀχειμούργητον,
950 2332 1145 2410 δυεχείρωτα
1160 2332 1195 2395 δὲ
1211 2329 1401 2411 Δημοεθένηε.

290 2443 321 2506 Ν
324 2467 375 2506 am
398 2443 443 2505 ibi
466 2442 548 2525 (μνοά
573 2463 610 2504 ex
634 2441 855 2524 antiquissimo
871 2440 1018 2504 Parisino
1033 2439 1198 2503 Bekkerus
1221 2441 1402 2520 άχειράδοτον

288 2553 396 2637 potius
426 2551 568 2635 protulit,
593 2551 800 2614 manifestius
828 2552 876 2614 est
904 2550 960 2613 soli
984 2550 1162 2630 χειριδωτοί
1185 2552 1218 2613 et
1240 2549 1403 2631 χειρόδοτον

288 2684 401 2725 vocum
423 2661 637 2724 recordationi
658 2661 777 2744 deberi,
801 2682 879 2743 quas
898 2660 1007 2743 paullo
1025 2662 1100 2723 ante
1121 2659 1346 2744 grammaticus
1358 2677 1403 2719 nie·

287 2773 501 2851 moraverat§
517 2773 586 2834 151.
601 2771 669 2836 152.
695 2770 858 2833 N'auckius
875 2773 981 2833 autem
997 2791 1068 2833 cnm
1083 2791 1148 2832 non
1161 2769 1277 2853 Oedipi
1292 2789 1404 2844 version,

214 2881 215 2884 ’
289 2882 343 2945 sed
365 2882 538 2965 quemlibet
561 2881 659 2944 alium
681 2880 885 2964 Sophoclium
908 2883 1069 2963 spectasse
1084 2879 1249 2943 Pollucem
1271 2878 1355 2960 dicit,
1374 2876 1405 2937 iu
1447 2879 1448 2910 l

289 2991 364 3074 quid
387 2993 533 3074 proficiat
562 2992 658 3073 plane
687 3012 744 3053 nos
772 2989 941 3072 praeterit:
970 3011 1047 3054 nam
1074 3011 1272 3073 quocumque
1300 2990 1332 3052 in
1356 2987 1407 3048 locu
1447 3005 1448 3048 l

289 3101 370 3184 legit
392 3101 632 3184 grammaticus,
658 3122 695 3163 ea
717 3103 826 3163 tamen
849 3099 1086 3183 significatione
1109 3099 1169 3162 sibi
1193 3101 1313 3164 lectum
1333 3105 1407 3161 tesia·

290 3213 342 3272 tur
364 3231 443 3293 quae
468 3216 515 3273 est
538 3211 803 3291 ἀχειρούργητον;
833 3232 928 3293 quam
955 3231 1017 3292 quo
1045 3211 1176 3272 taudem
1198 3209 1267 3272 inre
1290 3205 1407 3272 dicesin

290 3320 386 3383 aliam
408 3320 550 3383 fabulam
578 3321 695 3383 rectius
723 3341 818 3402 qnam
845 3320 879 3382 in
903 3318 1059 3402 Oedipum
1088 3319 1284 3382 convenire?
1324 3317 1409 3382 Vnun

290 3429 372 3513 <prod
396 3430 503 3512 agitur
525 3431 585 3493 hoc
609 3434 657 3493 est
677 3435 723 3510 nt,
748 3433 853 3491 utrum
876 3432 961 3492 recte
983 3429 1031 3491 illi
1046 3428 1168 3492 formae
1184 3450 1222 3492 ea
1238 3424 1408 3514 significatio

291 3540 450 3602 tribuatur
473 3562 515 3601 an
537 3539 650 3602 vitiato
675 3540 781 3603 coelice
804 3539 1031 3622 grammaticus
1058 3560 1133 3600 usus
1160 3539 1218 3620 sit,
1250 3543 1408 3623 quaeratur.

292 3648 334 3710 Et
362 3649 440 3710 illud
467 3649 593 3732 quidem
624 3651 677 3732 qui
707 3653 881 3733 negarunt,
917 3671 982 3713 non
1015 3651 1148 3730 possunt
1175 3670 1244 3712 non
1272 3647 1410 3712 verissim¹

292 3779 426 3841 negasse
449 3758 559 3822 videri.
604 3758 689 3822 Nam
717 3761 777 3822 etsi
803 3782 901 3823 unum
928 3780 1006 3822 sane
1033 3759 1173 3838 χείρωμα
1195 3780 1316 3822 nomen
1336 3753 1409 3820 serncl

292 3890 372 3930 uinus
401 3868 577 3951 Aeschylus
606 3870 674 3932 sine
704 3871 873 3932 violentiae
902 3869 996 3932 ullius
1026 3868 1157 3932 notione
1185 3870 1296 3950 posuit
1323 3863 1410 3931 inilb

292 3979 454 4058 τυμβοχόα
477 3981 656 4058 χειρώματα
679 4002 708 4042 ν.
728 3979 808 4042 iolla
824 3979 952 4042 fabulae
968 3978 1152 4060 Thebanae,
1175 3981 1292 4044 tamen
1311 3983 1339 4042 el
1354 3973 1410 4039 alili

293 4089 433 4167 χείρωμα
462 4091 493 4150 ct
516 4089 714 4168 δυεχείρωμα
742 4094 774 4150 et
802 4089 905 4171 ipsum
934 4093 1064 4168 χειροῦν
1091 4092 1277 4169 χειροῡεθαι
1306 4087 1411 4152 nerhnn

294 4199 325 4259 et
347 4198 423 4260 hinc
446 4198 588 4261 derivata
610 4199 716 4263 onmia
739 4199 882 4277 χείρωειε
903 4200 1057 4277 χειρωτόε
1078 4200 1266 4277 χειρωτικάε
1287 4197 1411 4278 εὐχείρω-

293 4328 350 4370 τοε
381 4309 593 4387 δνεχείρωτοε
625 4309 789 4392 ipsumque
823 4309 998 4389 άχείρωτοε
1029 4313 1096 4370 lam
1130 4311 1335 4373 constantem
1361 4327 1412 4388 pur

295 4416 457 4497 prioraque
487 4417 547 4479 sibi
571 4418 741 4481 violentiae
769 4418 932 4481 notionem
955 4420 1083 4481 servant
1104 4421 1156 4500 ut,
1179 4418 1234 4501 qui
1258 4419 1412 4500 ἀχείρωταλ
