2954 5134
333 339 593 388 ononouoon'n
617 341 899 392 vrnuooonsuse
1136 328 1199 390 575

408 499 475 556 lum
510 493 552 558 ab
581 494 649 578 ipso
678 495 824 580 Diogene
853 495 981 560 Laertio
1008 495 1199 580 aliquotiens

448 605 455 635 ¹
492 603 690 688 sapientibus
718 609 845 670 tantum
880 607 1136 692 (διαφωνοῦνται
1164 608 1200 672 δὲ

533 715 634 780 ἄλλου
656 715 737 781 ἄλλο
760 719 856 800 φοςὶν
884 717 967 784 εἶναι
987 715 1019 800 I,
1042 717 1115 800 41),
1144 715 1199 780 sed

559 849 587 886 u
617 826 814 890 saeculorum
848 825 1056 910 philosophis.
1112 825 1200 889 ldern

603 935 768 1000 '’laistrato
789 935 817 1019 1,
840 937 911 1018 108,
935 937 975 1000 de
990 937 1197 1020 Anaxagora,

641 1048 666 1088 '·
691 1045 836 1130 Diogene
867 1045 1038 1130 Sinopensi
1066 1051 1099 1110 et
1127 1046 1199 1110 Ari·

694 1157 734 1233 'l‚
759 1157 801 1220 42
823 1156 873 1220 vel
896 1155 1040 1242 Diagora
1063 1155 1120 1238 VI,
1144 1156 1197 1238 59,

721 1269 723 1274 ’
755 1267 796 1330 tc
820 1271 905 1331 certe
928 1267 1089 1332 infacete
1112 1265 1199 1330 dicta

762 1376 926 1460 ‚nnodare,
961 1377 1044 1462 quod
1072 1375 1199 1442 Chiloni

622 1509 727 1552 nour:
764 1509 859 1571 quern
885 1487 985 1571 igitur
1013 1487 1103 1550 illum
1131 1507 1199 1550 esse

464 1622 510 1658 iu
541 1597 734 1662 tribueretur
762 1597 803 1660 ab
831 1597 918 1678 aliie,
947 1596 1030 1681 quod
1059 1597 1100 1660 ab
1127 1595 1199 1660 aliis

333 1705 488 1770 nocrito?
518 1708 572 1770 An
587 1707 754 1791 quisquam
769 1707 808 1771 de
824 1707 1048 1772 obscurissimo
1071 1705 1199 1772 bomine

229 1817 362 1900 lipicuri
384 1815 590 1902 discipulo*),
615 1839 709 1901 quem
731 1819 817 1882 inter
838 1821 887 1882 tot
909 1817 1086 1900 Epicureae
1109 1816 1198 1881 scho-

146 1931 314 1990 sectatores
347 1927 460 1994 ultimo
491 1927 561 1992 loco
597 1926 758 2012 Diogenes
788 1926 836 2010 X,
867 1929 909 1992 26
939 1927 1068 2010 posuit?
1117 1925 1198 2002 Quid

77 2033 183 2098 inulta?
203 2059 265 2101 uno
288 2037 386 2102 verbo
408 2037 514 2102 dicam
535 2037 618 2121 quod
642 2059 692 2100 res
715 2043 777 2102 cst:
802 2041 986 2120 corruptum
1002 2042 1050 2100 est
1065 2037 1199 2117 ὡρίων

77 2165 106 2205 ex
125 2145 248 2226 ἱέρων.
295 2147 396 2231 Atqui
423 2169 479 2212 rex
508 2147 561 2211 ille
588 2147 666 2230 fuit,
697 2170 762 2212 non
790 2147 1007 2232 philosophus.
1053 2148 1099 2209 At
1126 2169 1200 2210 vero

74 2251 161 2320 dinus
188 2261 236 2322 est
266 2257 474 2341 philosophus
503 2257 601 2322 etiarn
632 2257 674 2322 ab
703 2257 840 2320 Arseuio
869 2279 899 2340 p.
929 2257 1007 2322 306:
1044 2259 1151 2338 Ἱέρων
1180 2259 1198 2322 ὁ

74 2365 255 2448 φιλόςοφος,
281 2367 391 2447 ἰατρόν
413 2371 464 2433 καλ
486 2369 584 2448 φίλον
612 2369 694 2448 ἡγοῦ
717 2370 794 2434 τοὺς
816 2369 852 2434 ἐν
875 2367 1028 2446 ἀνάγκαις
1049 2369 1199 2434 ςπουόοί-

72 2493 136 2553 ους,
162 2477 234 2558 ἔφη.
280 2477 324 2542 Elt
350 2477 459 2562 paullo
486 2481 560 2561 post
588 2477 623 2542 in
645 2476 862 2542 Laurentiano
892 2476 1017 2542 codice:
1049 2479 1199 2559 Ἱέρωνὸ

72 2587 239 2670 φιλόςοφος
265 2589 351 2668 ἔχων
373 2591 433 2654 δύο
456 2590 626 2669 μαθητὰς
649 2609 676 2652 e.
701 2611 731 2673 q.
755 2611 781 2654 s.
826 2587 901 2652 Non
922 2589 1026 2672 magis
1050 2589 1200 2654 credibile

71 2699 120 2778 est,
140 2697 291 2780 fatemur,
314 2697 397 2782 quod
412 2697 451 2762 de
467 2697 618 2762 Hieronis
633 2697 849 2782 discipulis
871 2697 1017 2764 hocloco
1039 2705 1199 2782 narratur,

70 2826 154 2888 quani
174 2807 327 2873 Hieronis
350 2808 544 2872 sententiam
571 2831 655 2892 esse,
693 2830 775 2894 quae
804 2809 908 2892 prima
936 2813 986 2872 est
1012 2809 1047 2872 in
1076 2808 1200 2892 sylloge

71 2913 317 2984 vindobonensi:
341 2918 423 2999 ὅπερ
444 2921 481 2985 <b
503 2923 598 3000 μιςεῑς
620 2921 702 3000 παρ’
724 2919 833 2986 ἄλλων
856 2939 905 2986 ςοι
926 2919 1079 2996 γενέςθαι,
1103 2923 1200 2984 τοῦτο

67 3027 104 3092 εἰς
128 3029 260 3112 ἐτέρους
286 3031 327 3110 μὴ
355 3029 447 3095 ποίει
497 3029 565 3094 Nec
593 3052 667 3095 vero
695 3031 728 3096 id
755 3052 814 3096 uos
844 3031 982 3116 egimus,
1012 3031 1047 3092 ut
1075 3027 1199 3093 illorum

67 3139 216 3222 originem
254 3139 563 3224 apophthegmatum
600 3139 799 3224 exigeremus
837 3139 876 3204 ad
914 3139 1099 3204 veritatem:
1140 3138 1200 3204 hoc

67 3271 155 3316 unum
178 3251 336 3315 voluimus
358 3249 518 3332 obtinere,
548 3253 584 3313 ut
607 3249 747 3332 corrupti
770 3250 909 3314 nominis
931 3249 1022 3334 origo
1044 3253 1200 3333 repetere

65 3365 111 3422 tur
131 3383 169 3426 ex
192 3361 357 3447 patefacto
380 3381 487 3426 errore
509 3359 721 3424 librariorum.
755 3361 903 3424 Ceterum
925 3360 979 3444 qui
1001 3360 1109 3444 paullo
1131 3359 1237 3424 dili-x

64 3472 187 3552 gentius
217 3471 475 3556 perlustraverit,
504 3493 585 3555 quae
616 3470 658 3535 ab
680 3470 818 3536 Arsenio
848 3494 879 3555 p.
903 3469 966 3536 306
988 3493 1036 3555 sq.
1063 3469 1202 3555 primurn

65 3585 279 3668 congeruntur
293 3579 445 3647 Hieronis
468 3581 662 3666 philosophi,
686 3581 801 3645 deinde
816 3580 967 3646 Hieronis
988 3585 1049 3648 τοῦ
1072 3581 1201 3648 (ικελοῦ

61 3694 237 3772 τυράννου,
265 3713 359 3776 porro
382 3691 606 3776 Hippocratis,
636 3695 797 3775 postremo
825 3691 975 3756 Isocratis
1003 3690 1202 3776 apophtheg·

61 3807 156 3888 mata,
181 3803 236 3868 vix
260 3801 352 3868 credo
375 3800 536 3865 dubitabit
558 3801 646 3885 quin,
671 3823 753 3885 quae
776 3801 860 3864 illius
883 3801 910 3865 si
933 3801 981 3865 dis
1004 3801 1112 3884 placet
1133 3800 1202 3884 pbi-

62 3913 184 3999 losophi
208 3915 373 3996 dicuntur,
402 3911 442 3976 ad
466 3910 620 3976 Isocratia
648 3911 754 3995 potius
781 3909 1010 3995 pertinuerint:
1048 3909 1202 3996 aquibus

127 4189 153 4256 ⁸)
178 4189 267 4258 [Fecit
288 4191 316 4246 id
334 4195 430 4248 tamen
447 4191 600 4248 Meinekius
620 4189 735 4246 Stobaci
757 4191 810 4246 vol.
832 4191 868 4246 lV
887 4191 972 4260 prael.
993 4207 1020 4260 p.
1039 4187 1136 4254 XLIX,
1156 4189 1202 4257 qui

58 4281 175 4346 quidem
195 4285 269 4354 apud
285 4285 433 4340 Arsenium
452 4287 526 4342 Βίων
544 4289 561 4340 ό
579 4287 734 4354 φιλόςοφος
758 4301 808 4353 pro
831 4287 924 4352 Ἱέρων
942 4287 958 4338 ό
976 4301 1006 4351 φ.
1027 4283 1202 4339 scribendum

59 4375 183 4430 coniecit
202 4375 303 4432 ibidem
321 4397 348 4448 p.
367 4378 448 4448 XLI]
