2990 5140
316 321 379 383 210
665 337 822 382 ἰνρνπλτι
844 335 1104 384 νιιουτοοιυυκλ

317 489 357 552 οὐ
387 491 484 566 μέλον
513 489 575 551 ἐςτί
603 510 669 568 μοι,
700 489 791 552 ὅπως
821 491 859 553 άν
889 491 938 552 καὶ
962 491 1144 566 ’καλέςειας,
1178 489 1239 554 εἴτε
1266 490 1421 566 εἷςοδον.ι“γ

318 599 493 672 εἰςέλευςιν,
522 600 541 675 ἢ
565 599 724 676 ἐπήλυςιν,
747 600 766 675 ἢ
789 599 941 678 ἐπίβαςιν,
972 600 991 676 ἢ
1013 601 1160 678 πάροδον
1183 601 1201 675 ὴ
1224 601 1392 678 παρόβαςιν,
1408 602 1436 676 ὴ

229 731 232 736 ·
316 707 423 770 ἄλλως
446 727 517 771 πως
540 708 700 786 ςημαίνων
723 708 819 772 ταύτό
841 747 882 754 ——
906 708 1046 772 εἰςελθὸν
1076 708 1135 772 οὖν
1164 711 1214 772 καὶ
1236 711 1372 788 παραβάν
1392 710 1422 772 εἰς

315 819 373 894 τὴν
401 818 577 895 ὀρχήςτραν
606 821 704 881 τούτο
733 818 771 880 τὸ
800 819 935 896 ςύςτημα
957 821 1032 894 πᾶν,
1062 820 1152 882 ὃκαὶ
1180 820 1278 896 χορός
1299 819 1422 882 ἐκαλεῖτο.

316 927 398 1004 πρὸς
420 927 496 990 τοὺς
518 927 690 1006 ὑποκριτάς
714 928 830 1001 λόγους
851 927 1059 1004 ποιούμενον,
1083 929 1120 990 τὸ
1135 929 1310 1006 πρόςωπον
1331 928 1422 1005 βλέπον
1468 917 1469 968 λ

316 1035 382 1114 εἶχε
405 1037 486 1115 πρὸς
509 1039 567 1113 τὴν
590 1038 720 1113 ςκηνήν’
743 1038 941 1101 ἐξελθόντων
964 1039 1000 1100 δέ
1022 1041 1087 1100 τῶν
1109 1037 1290 1116 ὑποκριτῶν
1311 1039 1381 1114 πρὸ(
1398 1037 1423 1098 τό

315 1149 373 1208 τοὺ
404 1147 503 1222 δήμου
532 1146 627 1223 μέρος
657 1146 840 1226 έςτρέφετο,
871 1147 950 1223 ἢτό
976 1147 1080 1211 δεξιόν
1104 1148 1122 1224 ἢ
1144 1148 1181 1210 τὸ
1204 1146 1372 1225 ἀριςτερόν,
1389 1148 1444 1208 κοιλ
1468 1187 1469 1216 ,

317 1255 413 1318 πάλιν
436 1255 668 1335 άντεςτρέφετο
692 1257 773 1333 πρὸς
796 1257 833 1319 τὸ
857 1257 968 1333 ἕτερον
986 1257 1034 1319 καὶ
1058 1256 1147 1331 ἐλεγέ
1170 1277 1198 1320 τι
1213 1257 1365 1335 ἑκατέροις
1378 1260 1423 1317 τοῖς
1468 1305 1469 1330 ,

315 1365 449 1442 μέρεςιν,
478 1363 547 1427 εἶτα
574 1365 739 1442 ἐξήρχετο,
770 1365 819 1427 καὶ
841 1367 932 1427 τέλος
954 1365 992 1427 τὸ
1015 1368 1117 1443 δράμα
1139 1366 1306 1445 ἐλάμβανε.
1344 1367 1423 1428 Ῐαύτο
1468 1375 1469 1456 λ

315 1475 372 1549 μέν
388 1473 466 1550 ἦςαν
482 1476 634 1552 πρακτικὰ
650 1463 759 1552 δ’μέρη
775 1478 833 1537 τοῦ
850 1475 1024 1553 δράματος,
1041 1476 1059 1551 ἡ
1076 1475 1266 1554 παράβαςις,
1287 1477 1424 1552 ἡςτροφὴ.
1468 1555 1469 1560 ¹

316 1582 570 1663 ἡάντίςτροφος
599 1585 648 1647 καὶ
678 1583 696 1660 ἡ
726 1583 853 1646 ἔξοδος·
882 1585 931 1646 καὶ
963 1586 1073 1659 λογικά
1100 1586 1177 1663 μέρη
1201 1574 1344 1662 αύτῆςδ,
1363 1585 1423 1645 άντι-

315 1692 489 1771 παράβαςις
519 1694 619 1769 ἤγουν
647 1695 799 1770 πρώτως,
829 1695 986 1770 δευτέρως
1017 1695 1195 1772 πρόλογος,
1224 1697 1275 1758 καλ
1303 1695 1364 1758 ἀντὶ
1385 1695 1436 1764 τήιι
1468 1771 1469 1792 ¹

316 1805 456 1881 ςτροφῆς
485 1804 534 1865 καὶ
562 1806 617 1879 τῆς
647 1801 860 1882 ἀντιςτρόφου
889 1804 981 1878 λόγια
1009 1805 1059 1867 καὶ
1086 1805 1171 1886 ῲδάς
1194 1807 1244 1867 καὶ
1267 1801 1423 1884 ἀντῳδάςίγ

315 1911 512 1989 ἐπιρρήματα
539 1913 589 1974 καὶ
617 1911 871 1990 ἀντεπιρρήματα
899 1912 1017 1987 εἴποις,
1052 1914 1091 1976 ού
1120 1914 1323 1992 διαμάχομαι·
1353 1908 1423 1980 καὶὴ
1468 1983 1469 2022 1

316 2019 427 2082 ἔξοδος
450 2022 468 2096 ἡ
493 2023 558 2102 ᾠδὴ
583 2022 691 2083 καὶτὸ
715 2022 797 2098 ῥῆμα
812 2025 870 2085 τού
893 2022 1052 2099 δράματος
1073 2024 1110 2086 τὸ
1131 2023 1353 2086 ἐπιτελεύτιον.
1372 2021 1387 2082 ά
1404 2019 1423 2080 οἱ
1468 2035 1469 2076 ι

314 2129 442 2205 αἰθέριοι
464 2131 513 2192 καὶ
536 2130 797 2209 ούρανοβάμονες
818 2133 969 2195 λαλοὺςιν
992 2131 1098 2209 ὥςπερ
1121 2134 1287 2197 λαλοθςιν·
1309 2133 1383 2209 ἔχετε
1400 2129 1423 2188 δὲ
1468 2123 1469 2174 λ

314 2241 480 2320 ταῦτατῷ
504 2239 626 2303 ἐαθέντι
648 2261 699 2316 μοι
723 2241 896 2323 προοιμίῳ,
926 2241 1008 2303 άλλά
1030 2242 1151 2319 μακρὰν
1181 2242 1290 2306 αὐτῶν
1318 2238 1440 2314 ἀποτρέ.ι

314 2368 417 2427 χοιτε,
442 2349 480 2424 μὴ
504 2351 553 2410 καὶ
576 2349 674 2411 ἀκοάς
697 2348 787 2425 ὑμῶν
810 2351 859 2412 καὶ
882 2351 986 2428 ψυχάς
1011 2351 1223 2428 λυμανθείητε.
1270 2352 1367 2415 Ταῦτα
1384 2349 1423 2422 μέν

313 2459 351 2520 τά
373 2447 391 2519 δ
415 2459 491 2534 μέρη
515 2463 693 2535 πρακτικῶς
715 2479 748 2521 τε
771 2461 820 2521 καὶ
843 2462 978 2533 λογικῶς
1001 2463 1067 2523 τῶν
1090 2465 1292 2537 δραματικῶν
1319 2457 1423 2534 ποιημά-

313 2588 378 2629 των
407 2566 564 2642 ὑπῆρχεν·
592 2573 658 2630 τῶν
687 2569 722 2629 δέ
751 2570 887 2646 λυρικῶν
918 2569 1167 2647 ςυγγραμμάτων
1203 2571 1276 2648 τρία
1304 2570 1372 2646 ἠςαν
1397 2566 1423 2626 τὰ

314 2676 406 2752 μέρη,
436 2677 609 2752 ςτροφικόν
638 2678 686 2739 καὶ
715 2677 959 2757 ἀντιςτροφικόν
989 2678 1094 2753 λόγια,
1129 2679 1283 2757 ἑκάτερον
1312 2677 1422 2752 ἑκατέρω

313 2783 489 2862 ίςαρίθμους
517 2784 593 2861 έχον
622 2788 696 2847 τοὺς
726 2786 864 2864 ςτίχους,
892 2789 942 2849 καὶ
970 2789 1094 2864 μέτρων
1121 2792 1188 2851 τῶν
1217 2789 1339 2853 αὐτῶν·
1363 2785 1469 2862 τρὸιί,

313 2896 379 2956 τοῖς
402 2897 584 2972 ςτροφικοῑς
607 2897 641 2956 δέ
664 2897 712 2956 κοιλ
736 2895 989 2974 άντιςτροφικοῑς
1011 2897 1117 2975 τρίτον
1140 2896 1180 2974 ἦν
1202 2899 1299 2976 μέρος
1314 2900 1347 2962 τό
1361 2897 1422 2974 ἐτιμ-

313 3003 401 3066 δικόν
426 3003 546 3078 λόγιον,
570 3004 748 3080 ὁμωνύμως
771 3007 933 3069 καὶταῦτα
956 3007 1112 3083 λεγόμενα
1133 3011 1200 3071 τοῖς
1227 3009 1348 3084 ἑαυτῶν
1366 3024 1422 3080 τρο·

313 3115 444 3182 κτικοῑς,
467 3118 503 3193 τῇ
526 3132 558 3174 τε
583 3119 704 3195 ςτροφῇ
735 3115 784 3176 καὶ
813 3115 1014 3198 άντιςτρόφῳ
1037 3117 1087 3179 καὶ
1109 3119 1226 3201 ἐπῳδῶ
1252 3119 1321 3196 ἤτοι
1345 3116 1421 3189 ἐξόδν

313 3221 362 3282 καὶ
384 3221 535 3284 ἐξελεύςει
550 3223 600 3284 καὶ
615 3223 765 3303 ἐπιλόγῳ.
804 3224 857 3286 Καὶ
872 3226 933 3302 γάρ
952 3227 1001 3287 καλ
1018 3226 1048 3288 οἱ
1064 3228 1183 3305 λυρικολ
1198 3229 1283 3305 πρὸς
1297 3227 1422 3300 ἑκάτεροι

312 3331 406 3408 μέρος
433 3334 491 3393 τού
520 3332 620 3408 δήμου
644 3332 784 3409 ὁρῶντες
807 3334 1006 3411 ἐφθέγγοντο
1031 3337 1069 3399 τά
1092 3338 1266 3413 ποιήματα,
1294 3337 1341 3400 καὶ
1359 3337 1440 3398 τέλει·

245 3455 293 3501 ινα
312 3443 368 3502 τοὺ
396 3440 555 3517 δράματος
583 3443 757 3518 μέλλοντος
786 3443 938 3508 παύεςθαι
960 3446 1017 3507 τόν
1043 3445 1172 3526 ἐπῳδόν
1195 3447 1421 3527 ἐπεφθέγγοντο.

311 3549 380 3624 ἤτοι
412 3552 470 3626 τὴν
505 3549 637 3627 ὑςτέραν
673 3552 759 3631 ᾡδήν
792 3573 825 3614 τε
853 3554 988 3618 καὶτὸν
1018 3553 1181 3630 ἐπίλογον,
1212 3555 1256 3618 εἰς
1287 3557 1375 3632 εὐχάς
1396 3549 1422 3611 τὸ

311 3660 458 3721 πλεῑςτον
487 3659 585 3721 αὐτόν
614 3659 854 3736 περικλείοντες.
898 3663 1076 3740 Προοίμιον
1105 3666 1139 3726 δὲ
1168 3666 1294 3729 τούτοις
1317 3664 1368 3728 οὐκ
1387 3659 1421 3733 ὑί·

311 3765 355 3828 ῶς
383 3766 529 3842 ἐκείνοις,
560 3768 608 3830 ότι
636 3769 698 3844 ἅμα
726 3776 771 3851 τῷ
804 3771 950 3834 εἰςελθεῐν
979 3772 1022 3834 εἰς
1050 3775 1086 3835 τό
1115 3775 1250 3851 θέατρον
1280 3774 1357 3851 πρὸς
1380 3769 1421 3831 τὸν

377 4057 426 4123 Ιλθ.
452 4057 614 4123 ἐςτρέφετο,
639 4077 692 4112 ιιοιι
717 4064 820 4128 ἐςτέφ,,
845 4065 915 4132 νοιλλ
1010 4067 1046 4119 λ’ί.
1070 4065 1142 4119 Αυίθ
1168 4068 1211 4119 καὶ
1235 4064 1322 4134 prium,
1344 4081 1357 4116 υ
1378 4078 1416 4125 τῶν

309 4161 379 4200 ιιοιίι
397 4149 500 4215 μυρρίναι
517 4150 623 4202 initium
644 4154 730 4222 νιιρίλ,
754 4157 871 4207 altorum
892 4161 935 4209 καί
955 4158 980 4208 in
1001 4160 1125 4211 ιωίινιιιιι
1144 4160 1232 4212 altera
1255 4159 1353 4227 pagina
1370 4151 1410 4204 ιυλί

308 4236 367 4292 κοιλ,
420 4247 459 4294 ὑῒ,
475 4245 633 4308 ῶμονύμως
653 4247 712 4297 eod,
766 4255 871 4301 θθ,τού
891 4252 990 4318 δήμου]
1004 4253 1127 4315 ούδαμού
1148 4252 1206 4304 eod.
1262 4248 1410 4318 [λέπεφὺίί

307 4347 406 4394 γοντα,
426 4351 480 4385 non
498 4337 640 4403 ἐφθ.,ι.,ὀιί,λ
