3052 5136
696 341 856 388 SCllEDAE
880 342 1052 389 t‘lrl'rlt'all.

454 529 547 606 εἰμὴ
571 529 740 608 τυράννων
763 530 902 607 δώμαςιν
925 531 1068 596 aucae
1090 532 1179 612 δίκην

454 640 635 721 πέποιθε,
660 639 892 729 κάποκτάςα
915 642 1088 721 κοιράνους
1110 644 1228 722 χθονός

453 751 561 834 ἀθῷος
583 749 662 829 αὐτὴ
685 755 789 818 τῶνδε
812 753 980 834 φεύξεςθαι
1002 754 1121 834 δόμων.

303 921 352 984 lta
381 920 459 998 αὐτή
488 921 624 984 refertur
652 921 690 984 acl
720 922 792 986 illa:
830 923 994 991 άποκιᾶςα
1021 925 1192 1005 κοιράνους
1219 927 1347 1006 χθονός,
1372 926 1418 990 hac

302 1030 478 1094 sententia:
502 1031 529 1096 εἰ
550 1033 721 1110 πέποιθεν,
745 1032 957 1100 ἀποκτείναςα
972 1036 1142 1116 κοιράνους
1158 1038 1285 1115 χθονὸς,
1307 1037 1375 1114 αὐτὴ
1388 1040 1419 1115 μὴ

303 1141 553 1207 ἀποκτείνεςθιιι·
582 1164 657 1206 nam
684 1143 793 1228 ἀθῷος
819 1146 953 1225 φεύγειν
987 1145 1099 1209 eadem
1131 1149 1180 1209 est
1208 1147 1238 1209 vi
1267 1145 1421 1230 praeditam

303 1256 398 1335 atquc
420 1255 460 1331 μὴ
485 1253 724 1319 ἀποκτείνεςθαι
746 1256 795 1317 vel
818 1259 858 1335 μὴ
881 1259 1005 1329 θανεῑν;
1039 1259 1134 1340 poeta
1163 1260 1269 1320 autem
1296 1256 1419 1320 varietati

303 1363 457 1426 orationis
487 1363 619 1426 strutuit.
666 1364 831 1448 Scriptura
862 1369 985 1449 autem,
1020 1388 1101 1450 quae
1136 1369 1185 1430 est
1214 1369 1322 1434 δώςειν
1349 1367 1420 1444 δίκην

303 1475 453 1550 πέποιθε,
482 1477 591 1556 aperte
616 1477 796 1538 contestata
819 1480 867 1540 est
892 1477 1083 1541 scholiastae
1106 1469 1322 1541 adnotatione.
1362 1475 1420 1540 Ete-

303 1585 369 1647 nim
399 1584 495 1647 verba
522 1585 692 1664 τυράννων
716 1587 854 1664 δώμαςιν
878 1589 991 1653 δώςειν
1014 1587 1103 1668 δίκην
1127 1587 1319 1672 cogitatione
1345 1587 1421 1650 simul

303 1694 600 1777 cornprelrendeiula
623 1699 714 1778 sunt,
744 1699 779 1759 ut
802 1697 931 1761 valeant
953 1720 1010 1780 pro
1033 1709 1106 1762 rma
1119 1697 1267 1779 notione,
1289 1719 1361 1781 (puae
1381 1718 1422 1759 ne·

303 1809 398 1888 gatar
421 1805 595 1888 praemissa
618 1807 658 1884 μή
681 1807 854 1889 particula3
878 1829 958 1890 (pirae
986 1807 1012 1872 si
1035 1830 1054 1871 a
1077 1808 1237 1892 principio
1261 1808 1420 1884 collocatur,

303 1916 455 1980 maiorem
484 1916 548 1979 vim
576 1917 688 1999 habet,
719 1918 870 2001 quoniam
897 1941 978 2003 (puae
1007 1923 1216 1983 consecutura
1245 1919 1310 1983 sint
1333 1917 1422 1981 statim

305 2028 482 2112 cogitamus
516 2028 686 2111 negativae
724 2028 842 2092 rationi
879 2051 947 2094 esse
986 2030 1140 2094 subiecta.
1192 2029 1287 2096 Cuius
1316 2027 1421 2113 generis

305 2137 505 2202 continemini
540 2138 719 2220 exemplum
747 2139 963 2203 firmissimum
998 2161 1036 2204 ex
1062 2139 1213 2224 Aeschyli
1243 2139 1363 2223 Septem
1391 2135 1421 2199 acl

304 2248 430 2312 'l'lrebas
455 2271 483 2311 v.
512 2247 585 2311 178:

457 2411 511 2474 κεί
533 2411 578 2488 μή
601 2431 647 2476 τις
670 2411 769 2490 ἀρχῆς
798 2416 851 2490 τῆς
875 2414 950 2490 ἐμῆς
974 2411 1182 2477 ἀκούςεται

307 2598 356 2684 lile
381 2597 468 2661 cuias
496 2602 606 2661 tamen
634 2618 742 2660 versus
769 2597 956 2682 integritate
980 2621 1045 2662 ιιοιι
1068 2599 1146 2662 satis
1168 2597 1246 2663 mihi
1268 2619 1348 2661 nnnc
1368 2615 1421 2678 per·

306 2731 433 2772 aramum
462 2709 533 2796 estl.
558 2745 599 2755 —-
627 2707 796 2790 Explicavi
824 2731 927 2772 aream
954 2709 1215 2793 qualemcumque
1243 2706 1421 2772 sententian.

308 2819 410 2882 alito·
433 2820 535 2882 visam
558 2822 606 2881 est
629 2819 786 2903 lleisigio,
817 2819 855 2882 [le
879 2818 966 2883 errius
990 2819 1213 2883 emendatione
1237 2819 1361 2884 liberum
1382 2813 1422 2876 mi

307 2929 418 3012 <tuique
441 2928 592 2992 imlicium
615 2933 693 2992 esto.
740 2929 798 2992 Est
828 2931 934 2992 evitem
957 2929 1052 2994 haec:

459 3109 484 3171 εἰ
507 3111 551 3187 μὴ
575 3110 744 3188 τυράννων
767 3109 907 3186 δώμοςιν
930 3109 1045 3174 auca
1067 3108 1167 3186 δίκην.

460 3219 640 3282 πέποιθα.
670 3223 745 3283 ποῦ
768 3219 950 3286 κτείναςα
973 3218 1143 3300 κοιράνους
1164 3219 1282 3297 χθονός

460 3328 568 3412 ἀθῷος
591 3331 668 3407 αὐτὴ
693 3333 797 3395 τῶνδε
821 3330 1007 3410 φεύξεται
1030 3329 1156 3409 δόμωνς

309 3507 360 3568 tilii
386 3505 608 3588 [inmutabilitas
638 3510 722 3569 certo
752 3507 847 3570 fuerit
877 3511 933 3572 ποῖ
960 3508 1118 3589 φεύξεται.
1146 3545 1188 3556 —-
1217 3505 1276 3569 Sul
1298 3501 1421 3588 quoniam

310 3616 341 3678 in
360 3615 492 3697 llcisigii
511 3638 617 3678 versor·
640 3619 791 3680 memoria
815 3617 1005 3699 immortali,
1029 3638 1095 3680 non
1110 3617 1272 3702 ingratam
1288 3615 1348 3678 lere
1362 3609 1422 3674 mul-

309 3726 349 3787 tis
378 3726 515 3789 artntror
543 3726 623 3789 alius
648 3727 810 3791 cuiusdam
833 3726 1066 3791 ememlationis
1088 3728 1298 3806 mentionem,
1324 3722 1360 3786 ab
1386 3741 1423 3782 ιο-

308 3836 379 3898 ‹lem
396 3835 557 3900 ailliibitao
574 3837 768 3921 Aeschyli
787 3837 821 3901 in
838 3838 998 3921 Septem
1014 3835 1058 3900 acl
1075 3835 1231 3901 'l'hebas
1253 3833 1348 3900 verstri
1362 3829 1422 3895 uit:

577 4040 702 4054 .....
727 3993 794 4070 χεὶρ
820 3991 854 4054 θ’
877 3992 945 4072 ἐρᾷ
968 3991 1004 4055 τὸ
1028 3989 1196 4070 δράςιμονι

312 4165 391 4224 ipim
422 4165 489 4204 mco
518 4142 644 4226 quidem
674 4143 789 4206 iurlicio
821 4143 998 4207 certissima
1028 4145 1086 4206 est.
1133 4140 1193 4228 [lle
1221 4140 1280 4204 lroc
1307 4157 1378 4202 num
1397 4133 1420 4193 m

312 4252 506 4315 cmrtrariam
530 4276 578 4316 me
602 4257 724 4336 partem
749 4254 868 4317 sentire
897 4253 1077 4336 significavi
1100 4273 1195 4335 supra
1219 4245 1250 4335 p.
1273 4249 1331 4314 340
1350 4243 1420 4308 huius

310 4363 496 4426 voluminis:
520 4387 710 4447 ‹piamquam
732 4364 771 4426 ‹le
795 4366 867 4446 ὁρᾷ
889 4363 1020 4427 minime
1043 4362 1200 4447 persuasit
1222 4347 1418 4425 Hermanno-¹
