<?xml version="1.0" encoding="UTF-8"?>
<!DOCTYPE html PUBLIC "-//W3C//DTD XHTML 1.0 Transitional//EN"
    "http://www.w3.org/TR/xhtml1/DTD/xhtml1-transitional.dtd">
<html xmlns="http://www.w3.org/1999/xhtml" xml:lang="en" lang="en">
 <head>
  <title>
</title>
<meta http-equiv="Content-Type" content="text/html;charset=utf-8" />
  <meta name='ocr-system' content='tesseract 3.04.00' />
  <meta name='ocr-capabilities' content='ocr_page ocr_carea ocr_par ocr_line ocrx_word'/>
</head>
<body>
  <div class='ocr_page' id='page_1' title='image "./fridericiritsch04ritsgoog_0718.png"; bbox 0 0 2976 5140; ppageno 0'>
   <div class='ocr_carea' id='block_1_1' title="bbox 459 401 1213 466">
    <p class='ocr_par' dir='ltr' id='par_1_1' title="bbox 459 401 1213 466">
     <span class='ocr_line' id='line_1_1' title="bbox 459 401 1213 466; baseline 0 -2"><span class='ocrx_word' id='word_1_1' title='bbox 459 417 583 466; x_wconf 74' lang='grc' dir='ltr'>υιιιανιιι</span> <span class='ocrx_word' id='word_1_2' title='bbox 607 417 825 466; x_wconf 72' lang='grc' dir='ltr'>υυεοιιιντιο.</span> <span class='ocrx_word' id='word_1_3' title='bbox 1150 401 1213 464; x_wconf 76' lang='grc'>689</span> 
     </span>
    </p>
   </div>
   <div class='ocr_carea' id='block_1_2' title="bbox 74 563 1214 1204">
    <p class='ocr_par' dir='ltr' id='par_1_2' title="bbox 74 563 1214 1204">
     <span class='ocr_line' id='line_1_2' title="bbox 159 563 1213 652; baseline 0.002 -20"><span class='ocrx_word' id='word_1_4' title='bbox 159 567 229 634; x_wconf 81' lang='grc'><strong>175.</strong></span> <span class='ocrx_word' id='word_1_5' title='bbox 254 570 521 650; x_wconf 82' lang='grc' dir='ltr'>Λάμψακος-</span> <span class='ocrx_word' id='word_1_6' title='bbox 540 571 635 636; x_wconf 87' lang='grc' dir='ltr'>Λαοί</span> <span class='ocrx_word' id='word_1_7' title='bbox 658 573 691 652; x_wconf 79' lang='grc' dir='ltr'>(ὁ</span> <span class='ocrx_word' id='word_1_8' title='bbox 714 574 771 650; x_wconf 82' lang='grc' dir='ltr'>μὲν</span> <span class='ocrx_word' id='word_1_9' title='bbox 785 571 945 636; x_wconf 87' lang='grc' dir='ltr'>Ἡςίοδος·</span> <span class='ocrx_word' id='word_1_10' title='bbox 968 563 1046 644; x_wconf 75' lang='grc' dir='ltr'>τούς</span> <span class='ocrx_word' id='word_1_11' title='bbox 1068 567 1110 652; x_wconf 75' lang='grc' dir='ltr'>(λα’</span> <span class='ocrx_word' id='word_1_12' title='bbox 1134 592 1213 634; x_wconf 77' lang='grc' dir='ltr'>ποτε</span> 
     </span>
     <span class='ocr_line' id='line_1_3' title="bbox 76 675 1214 764; baseline -0.002 -20"><span class='ocrx_word' id='word_1_13' title='bbox 76 679 242 762; x_wconf 77' lang='grc' dir='ltr'><em>Κρονίδης</em></span> <span class='ocrx_word' id='word_1_14' title='bbox 270 677 354 756; x_wconf 78' lang='grc' dir='ltr'>Ζεὺς</span> <span class='ocrx_word' id='word_1_15' title='bbox 375 679 502 764; x_wconf 78' lang='grc' dir='ltr'><strong><em>ἄφθιτα</em></strong></span> <span class='ocrx_word' id='word_1_16' title='bbox 524 680 632 764; x_wconf 78' lang='grc' dir='ltr'>μήδεα</span> <span class='ocrx_word' id='word_1_17' title='bbox 654 675 750 756; x_wconf 82' lang='grc' dir='ltr'>εἰδιός</span> <span class='ocrx_word' id='word_1_18' title='bbox 777 676 914 754; x_wconf 75' lang='grc' dir='ltr'><strong><em>λεκτοὺς</em></strong></span> <span class='ocrx_word' id='word_1_19' title='bbox 937 676 972 742; x_wconf 76' lang='grc' dir='ltr'>ἐκ</span> <span class='ocrx_word' id='word_1_20' title='bbox 995 681 1091 762; x_wconf 82' lang='grc' dir='ltr'><strong><em>γαίης</em></strong></span> <span class='ocrx_word' id='word_1_21' title='bbox 1113 677 1214 754; x_wconf 80' lang='grc' dir='ltr'>λαοὺς</span> 
     </span>
     <span class='ocr_line' id='line_1_4' title="bbox 74 771 1213 871; baseline 0.001 -19"><span class='ocrx_word' id='word_1_22' title='bbox 74 789 311 854; x_wconf 81' lang='grc' dir='ltr'>πίεδευναλιον</span> <span class='ocrx_word' id='word_1_23' title='bbox 443 841 449 855; x_wconf 95' lang='grc'><strong><em>.</em></strong></span> <span class='ocrx_word' id='word_1_24' title='bbox 487 793 537 856; x_wconf 89' lang='grc' dir='ltr'>διὸ</span> <span class='ocrx_word' id='word_1_25' title='bbox 572 792 622 856; x_wconf 85' lang='grc' dir='ltr'>καὶ</span> <span class='ocrx_word' id='word_1_26' title='bbox 659 791 758 871; x_wconf 82' lang='grc' dir='ltr'>όΰδης</span> <span class='ocrx_word' id='word_1_27' title='bbox 792 791 828 855; x_wconf 82' lang='grc' dir='ltr'>ἔν</span> <span class='ocrx_word' id='word_1_28' title='bbox 857 811 891 854; x_wconf 89' lang='grc' dir='ltr'>τε</span> <span class='ocrx_word' id='word_1_29' title='bbox 918 771 938 868; x_wconf 65' lang='grc' dir='ltr'><em>ἦ</em></span> <span class='ocrx_word' id='word_1_30' title='bbox 966 791 1047 869; x_wconf 81' lang='grc' dir='ltr'>ὑπὲρ</span> <span class='ocrx_word' id='word_1_31' title='bbox 1075 790 1213 869; x_wconf 86' lang='grc' dir='ltr'>ἄρθρων.</span> 
     </span>
     <span class='ocr_line' id='line_1_5' title="bbox 74 894 1214 984; baseline 0.002 -23"><span class='ocrx_word' id='word_1_32' title='bbox 74 899 196 980; x_wconf 79' lang='grc' dir='ltr'>σχεδόν</span> <span class='ocrx_word' id='word_1_33' title='bbox 223 901 255 963; x_wconf 81' lang='grc' dir='ltr'>εί</span> <span class='ocrx_word' id='word_1_34' title='bbox 281 896 325 983; x_wconf 78' lang='grc' dir='ltr'>μὴ</span> <span class='ocrx_word' id='word_1_35' title='bbox 357 894 551 982; x_wconf 78' lang='grc' dir='ltr'><strong><em>αὐδηέντων</em></strong></span> <span class='ocrx_word' id='word_1_36' title='bbox 585 900 656 983; x_wconf 86' lang='grc' dir='ltr'>[οό.</span> <span class='ocrx_word' id='word_1_37' title='bbox 687 901 815 984; x_wconf 72' lang='lat'>11251)</span> <span class='ocrx_word' id='word_1_38' title='bbox 852 939 887 946; x_wconf 92' lang='lat'><em>—</em></span> <span class='ocrx_word' id='word_1_39' title='bbox 930 899 1080 980; x_wconf 86' lang='grc' dir='ltr'>Λητοὺς</span> <span class='ocrx_word' id='word_1_40' title='bbox 1104 900 1214 983; x_wconf 84' lang='lat' dir='ltr'><strong>[immo</strong></span> 
     </span>
     <span class='ocr_line' id='line_1_6' title="bbox 76 1011 1213 1094; baseline 0.002 -22"><span class='ocrx_word' id='word_1_41' title='bbox 76 1011 180 1094; x_wconf 84' lang='grc' dir='ltr'>Λητώ)</span> <span class='ocrx_word' id='word_1_42' title='bbox 204 1011 316 1091; x_wconf 84' lang='grc' dir='ltr'>(ὁμὲν</span> <span class='ocrx_word' id='word_1_43' title='bbox 338 1011 480 1076; x_wconf 71' lang='grc' dir='ltr'>Πλάάων</span> <span class='ocrx_word' id='word_1_44' title='bbox 505 1059 512 1073; x_wconf 93' lang='grc'><em>.</em></span> <span class='ocrx_word' id='word_1_45' title='bbox 539 1058 545 1072; x_wconf 94' lang='grc'><strong>.</strong></span> <span class='ocrx_word' id='word_1_46' title='bbox 571 1059 578 1072; x_wconf 89' lang='grc'><strong>.</strong></span> <span class='ocrx_word' id='word_1_47' title='bbox 604 1061 611 1074; x_wconf 93' lang='grc'><strong>.</strong></span> <span class='ocrx_word' id='word_1_48' title='bbox 637 1011 655 1074; x_wconf 87' lang='grc' dir='ltr'>ὁ</span> <span class='ocrx_word' id='word_1_49' title='bbox 678 1013 711 1076; x_wconf 79' lang='grc' dir='ltr'>δὲ</span> <span class='ocrx_word' id='word_1_50' title='bbox 736 1011 950 1091; x_wconf 83' lang='grc' dir='ltr'>Ἀρίςταρχος)</span> <span class='ocrx_word' id='word_1_51' title='bbox 986 1049 1027 1060; x_wconf 82' lang='lat'>—-</span> <span class='ocrx_word' id='word_1_52' title='bbox 1064 1011 1213 1090; x_wconf 85' lang='grc' dir='ltr'>Λητὼὴ</span> 
     </span>
     <span class='ocr_line' id='line_1_7' title="bbox 74 1121 572 1204; baseline 0.004 -20"><span class='ocrx_word' id='word_1_53' title='bbox 74 1123 130 1186; x_wconf 87' lang='grc' dir='ltr'>νὺξ</span> <span class='ocrx_word' id='word_1_54' title='bbox 156 1121 419 1204; x_wconf 90' lang='grc' dir='ltr'>(Ἀπολλόδωρος</span> <span class='ocrx_word' id='word_1_55' title='bbox 441 1123 475 1186; x_wconf 76' lang='grc' dir='ltr'>δὲ</span> <span class='ocrx_word' id='word_1_56' title='bbox 499 1123 572 1200; x_wconf 83' lang='grc' dir='ltr'>ιπέ.)</span> 
     </span>
    </p>
   </div>
   <div class='ocr_carea' id='block_1_3' title="bbox 162 1365 1215 1454">
    <p class='ocr_par' dir='ltr' id='par_1_3' title="bbox 162 1365 1215 1454">
     <span class='ocr_line' id='line_1_8' title="bbox 162 1365 1215 1454; baseline -0.001 -23"><span class='ocrx_word' id='word_1_57' title='bbox 162 1367 366 1454; x_wconf 81' lang='grc' dir='ltr'>Μάγειρος</span> <span class='ocrx_word' id='word_1_58' title='bbox 391 1367 552 1440; x_wconf 72' lang='grc' dir='ltr'>(Ἀλεξίων</span> <span class='ocrx_word' id='word_1_59' title='bbox 579 1415 585 1428; x_wconf 95' lang='grc'><strong>.</strong></span> <span class='ocrx_word' id='word_1_60' title='bbox 611 1415 618 1428; x_wconf 95' lang='grc'><strong>.</strong></span> <span class='ocrx_word' id='word_1_61' title='bbox 643 1415 649 1429; x_wconf 93' lang='grc'><strong>.</strong></span> <span class='ocrx_word' id='word_1_62' title='bbox 676 1413 683 1427; x_wconf 95' lang='grc'><strong>.</strong></span> <span class='ocrx_word' id='word_1_63' title='bbox 706 1366 895 1446; x_wconf 88' lang='grc' dir='ltr'>Φιλόξενος)</span> <span class='ocrx_word' id='word_1_64' title='bbox 919 1404 958 1410; x_wconf 93' lang='grc'><strong>-</strong></span> <span class='ocrx_word' id='word_1_65' title='bbox 992 1365 1060 1428; x_wconf 87' lang='grc'><strong>180.</strong></span> <span class='ocrx_word' id='word_1_66' title='bbox 1084 1366 1215 1430; x_wconf 87' lang='grc' dir='ltr'>Μάῑος</span> 
     </span>
    </p>
   </div>
   <div class='ocr_carea' id='block_1_4' title="bbox 73 1475 1215 2014">
    <p class='ocr_par' dir='ltr' id='par_1_4' title="bbox 73 1475 1215 2014">
     <span class='ocr_line' id='line_1_9' title="bbox 74 1475 1215 1561; baseline 0.003 -24"><span class='ocrx_word' id='word_1_67' title='bbox 74 1475 277 1561; x_wconf 86' lang='grc' dir='ltr'>(Φιλόξενος)</span> <span class='ocrx_word' id='word_1_68' title='bbox 305 1515 347 1523; x_wconf 93' lang='lat'>-</span> <span class='ocrx_word' id='word_1_69' title='bbox 378 1477 608 1555; x_wconf 72' lang='grc' dir='ltr'>ιαὶευομένη</span> <span class='ocrx_word' id='word_1_70' title='bbox 639 1513 682 1523; x_wconf 91' lang='grc'>-</span> <span class='ocrx_word' id='word_1_71' title='bbox 710 1476 860 1540; x_wconf 91' lang='grc' dir='ltr'>Μάλεια</span> <span class='ocrx_word' id='word_1_72' title='bbox 882 1475 1023 1556; x_wconf 85' lang='grc' dir='ltr'>(εὕρηται</span> <span class='ocrx_word' id='word_1_73' title='bbox 1046 1477 1096 1540; x_wconf 85' lang='grc' dir='ltr'>καὶ</span> <span class='ocrx_word' id='word_1_74' title='bbox 1118 1477 1215 1558; x_wconf 87' lang='grc' dir='ltr'>χωρὶς</span> 
     </span>
     <span class='ocr_line' id='line_1_10' title="bbox 73 1583 1215 1666; baseline 0.002 -18"><span class='ocrx_word' id='word_1_75' title='bbox 73 1590 131 1648; x_wconf 85' lang='grc' dir='ltr'>τοῦ</span> <span class='ocrx_word' id='word_1_76' title='bbox 167 1605 176 1646; x_wconf 89' lang='grc' dir='ltr'>ι</span> <span class='ocrx_word' id='word_1_77' title='bbox 206 1583 341 1662; x_wconf 79' lang='grc' dir='ltr'>Μάλεα,</span> <span class='ocrx_word' id='word_1_78' title='bbox 383 1587 427 1650; x_wconf 86' lang='grc' dir='ltr'>ὼς</span> <span class='ocrx_word' id='word_1_79' title='bbox 462 1587 512 1650; x_wconf 87' lang='grc' dir='ltr'>καὶ</span> <span class='ocrx_word' id='word_1_80' title='bbox 539 1585 627 1664; x_wconf 90' lang='grc' dir='ltr'>παρά</span> <span class='ocrx_word' id='word_1_81' title='bbox 656 1585 818 1666; x_wconf 73' lang='grc' dir='ltr'>Εὐριπίδη)</span> <span class='ocrx_word' id='word_1_82' title='bbox 856 1623 896 1631; x_wconf 88' lang='grc'>-</span> <span class='ocrx_word' id='word_1_83' title='bbox 934 1586 1138 1650; x_wconf 89' lang='grc' dir='ltr'>Μαςςάλια</span> <span class='ocrx_word' id='word_1_84' title='bbox 1173 1624 1215 1632; x_wconf 54' lang='lat'><strong>‘</strong></span> 
     </span>
     <span class='ocr_line' id='line_1_11' title="bbox 73 1693 1215 1778; baseline 0.001 -19"><span class='ocrx_word' id='word_1_85' title='bbox 73 1695 207 1759; x_wconf 88' lang='grc' dir='ltr'>Μέλας</span> <span class='ocrx_word' id='word_1_86' title='bbox 241 1693 416 1778; x_wconf 87' lang='grc' dir='ltr'>(Μόρςιλος</span> <span class='ocrx_word' id='word_1_87' title='bbox 449 1698 484 1760; x_wconf 79' lang='grc' dir='ltr'>δὲ</span> <span class='ocrx_word' id='word_1_88' title='bbox 517 1698 574 1760; x_wconf 88' lang='grc' dir='ltr'>τὰς</span> <span class='ocrx_word' id='word_1_89' title='bbox 604 1697 639 1760; x_wconf 89' lang='grc' dir='ltr'>ἐν</span> <span class='ocrx_word' id='word_1_90' title='bbox 674 1696 782 1776; x_wconf 86' lang='grc' dir='ltr'>Λέςβω</span> <span class='ocrx_word' id='word_1_91' title='bbox 817 1697 994 1774; x_wconf 88' lang='grc' dir='ltr'>γενομένας</span> <span class='ocrx_word' id='word_1_92' title='bbox 1032 1695 1215 1774; x_wconf 83' lang='grc' dir='ltr'>παρθένους</span> 
     </span>
     <span class='ocr_line' id='line_1_12' title="bbox 73 1805 1214 1884; baseline 0.001 -16"><span class='ocrx_word' id='word_1_93' title='bbox 73 1805 207 1869; x_wconf 89' lang='grc' dir='ltr'>Μοόςας</span> <span class='ocrx_word' id='word_1_94' title='bbox 240 1805 291 1869; x_wconf 87' lang='grc' dir='ltr'>ἐπὶ</span> <span class='ocrx_word' id='word_1_95' title='bbox 319 1807 358 1869; x_wconf 90' lang='grc' dir='ltr'>τά</span> <span class='ocrx_word' id='word_1_96' title='bbox 386 1806 484 1884; x_wconf 89' lang='grc' dir='ltr'>πένθη</span> <span class='ocrx_word' id='word_1_97' title='bbox 514 1809 631 1884; x_wconf 87' lang='grc' dir='ltr'>φοιτᾶν</span> <span class='ocrx_word' id='word_1_98' title='bbox 658 1805 708 1870; x_wconf 88' lang='grc' dir='ltr'>καὶ</span> <span class='ocrx_word' id='word_1_99' title='bbox 736 1808 881 1883; x_wconf 87' lang='grc' dir='ltr'>θρηνεῖν·</span> <span class='ocrx_word' id='word_1_100' title='bbox 919 1805 995 1870; x_wconf 82' lang='grc' dir='ltr'>ὅθεν</span> <span class='ocrx_word' id='word_1_101' title='bbox 1024 1807 1214 1884; x_wconf 84' lang='grc' dir='ltr'>ἐπεκρότηςε</span> 
     </span>
     <span class='ocr_line' id='line_1_13' title="bbox 73 1913 1214 2014; baseline 0.002 -36"><span class='ocrx_word' id='word_1_102' title='bbox 73 1917 113 1978; x_wconf 87' lang='grc' dir='ltr'>τά</span> <span class='ocrx_word' id='word_1_103' title='bbox 136 1913 281 1992; x_wconf 87' lang='grc' dir='ltr'>ἀδόμενα</span> <span class='ocrx_word' id='word_1_104' title='bbox 303 1915 403 1994; x_wconf 88' lang='grc' dir='ltr'>μέληα</span> <span class='ocrx_word' id='word_1_105' title='bbox 427 1915 536 1997; x_wconf 87' lang='grc' dir='ltr'>[μέλεα</span> <span class='ocrx_word' id='word_1_106' title='bbox 558 1915 652 1998; x_wconf 84' lang='lat' dir='ltr'>mrg.]</span> <span class='ocrx_word' id='word_1_107' title='bbox 676 1919 835 1993; x_wconf 82' lang='grc' dir='ltr'>κληθῆναι.</span> <span class='ocrx_word' id='word_1_108' title='bbox 859 1915 889 1979; x_wconf 82' lang='grc' dir='ltr'>οἱ</span> <span class='ocrx_word' id='word_1_109' title='bbox 910 1916 946 1978; x_wconf 86' lang='grc' dir='ltr'>δὲ</span> <span class='ocrx_word' id='word_1_110' title='bbox 968 1915 1034 1978; x_wconf 87' lang='grc' dir='ltr'>ἀπὸ</span> <span class='ocrx_word' id='word_1_111' title='bbox 1054 1919 1111 2014; x_wconf 74' lang='grc' dir='ltr'>τῇς</span> <span class='ocrx_word' id='word_1_112' title='bbox 1131 1916 1214 1994; x_wconf 88' lang='grc' dir='ltr'>μελι-</span> 
     </span>
    </p>
   </div>
   <div class='ocr_carea' id='block_1_5' title="bbox 72 2019 1216 2696">
    <p class='ocr_par' dir='ltr' id='par_1_5' title="bbox 72 2019 1216 2696">
     <span class='ocr_line' id='line_1_14' title="bbox 72 2019 1215 2149; baseline -0.001 -20"><span class='ocrx_word' id='word_1_113' title='bbox 72 2067 176 2144; x_wconf 90' lang='grc' dir='ltr'>γήρου</span> <span class='ocrx_word' id='word_1_114' title='bbox 206 2067 369 2146; x_wconf 87' lang='grc' dir='ltr'>Πίνδαρος</span> <span class='ocrx_word' id='word_1_115' title='bbox 396 2063 682 2149; x_wconf 81' lang='grc' dir='ltr'>μελισσοτεόκτιον</span> <span class='ocrx_word' id='word_1_116' title='bbox 713 2069 841 2149; x_wconf 85' lang='grc' dir='ltr'>κηρίων</span> <span class='ocrx_word' id='word_1_117' title='bbox 870 2061 930 2148; x_wconf 80' lang='grc' dir='ltr'>ἐμά</span> <span class='ocrx_word' id='word_1_118' title='bbox 963 2019 1215 2149; x_wconf 53' lang='grc' dir='ltr'>γλυκάωόμφα)</span> 
     </span>
     <span class='ocr_line' id='line_1_15' title="bbox 73 2175 1215 2258; baseline 0.003 -20"><span class='ocrx_word' id='word_1_119' title='bbox 73 2213 113 2220; x_wconf 88' lang='grc'>-</span> <span class='ocrx_word' id='word_1_120' title='bbox 154 2175 224 2239; x_wconf 80' lang='grc'><strong>185.</strong></span> <span class='ocrx_word' id='word_1_121' title='bbox 262 2177 395 2240; x_wconf 85' lang='grc' dir='ltr'>Μίνως</span> <span class='ocrx_word' id='word_1_122' title='bbox 423 2177 564 2258; x_wconf 86' lang='grc' dir='ltr'>(εὕρηται</span> <span class='ocrx_word' id='word_1_123' title='bbox 593 2177 642 2241; x_wconf 87' lang='grc' dir='ltr'>καὶ</span> <span class='ocrx_word' id='word_1_124' title='bbox 669 2178 741 2256; x_wconf 89' lang='grc' dir='ltr'>περὶ</span> <span class='ocrx_word' id='word_1_125' title='bbox 762 2177 914 2241; x_wconf 89' lang='grc' dir='ltr'>Πλάτωνι</span> <span class='ocrx_word' id='word_1_126' title='bbox 942 2181 987 2241; x_wconf 86' lang='grc' dir='ltr'>τῶ</span> <span class='ocrx_word' id='word_1_127' title='bbox 1010 2179 1151 2257; x_wconf 72' lang='grc' dir='ltr'>κωμικόν)</span> <span class='ocrx_word' id='word_1_128' title='bbox 1174 2215 1215 2224; x_wconf 88' lang='lat'>—-</span> 
     </span>
     <span class='ocr_line' id='line_1_16' title="bbox 73 2285 1215 2368; baseline 0.001 -20"><span class='ocrx_word' id='word_1_129' title='bbox 73 2286 310 2362; x_wconf 90' lang='grc' dir='ltr'>Μιμαλῶνες</span> <span class='ocrx_word' id='word_1_130' title='bbox 339 2285 422 2368; x_wconf 83' lang='grc' dir='ltr'>(ἤτοι</span> <span class='ocrx_word' id='word_1_131' title='bbox 449 2287 501 2350; x_wconf 85' lang='grc' dir='ltr'>διὰ</span> <span class='ocrx_word' id='word_1_132' title='bbox 528 2287 750 2365; x_wconf 86' lang='grc' dir='ltr'>Μακεδονικὴν</span> <span class='ocrx_word' id='word_1_133' title='bbox 780 2286 936 2366; x_wconf 82' lang='grc' dir='ltr'>ἱςτορίαν,</span> <span class='ocrx_word' id='word_1_134' title='bbox 966 2287 1031 2364; x_wconf 88' lang='grc' dir='ltr'>ἥτις</span> <span class='ocrx_word' id='word_1_135' title='bbox 1059 2291 1157 2351; x_wconf 87' lang='grc' dir='ltr'>κεῖται</span> <span class='ocrx_word' id='word_1_136' title='bbox 1179 2287 1215 2350; x_wconf 85' lang='grc' dir='ltr'>ἐν</span> 
     </span>
     <span class='ocr_line' id='line_1_17' title="bbox 72 2393 1216 2479; baseline -0.001 -20"><span class='ocrx_word' id='word_1_137' title='bbox 72 2399 142 2459; x_wconf 84' lang='grc' dir='ltr'>τοῖς</span> <span class='ocrx_word' id='word_1_138' title='bbox 166 2395 379 2476; x_wconf 87' lang='grc' dir='ltr'>Καλλιμάχου)</span> <span class='ocrx_word' id='word_1_139' title='bbox 401 2433 441 2442; x_wconf 86' lang='grc'>-</span> <span class='ocrx_word' id='word_1_140' title='bbox 471 2396 596 2475; x_wconf 90' lang='grc' dir='ltr'>Μίνθη</span> <span class='ocrx_word' id='word_1_141' title='bbox 618 2395 785 2479; x_wconf 86' lang='grc' dir='ltr'>(’ορφεός·</span> <span class='ocrx_word' id='word_1_142' title='bbox 808 2393 846 2458; x_wconf 83' lang='grc' dir='ltr'>τό</span> <span class='ocrx_word' id='word_1_143' title='bbox 869 2397 1008 2474; x_wconf 78' lang='grc' dir='ltr'>πρίνεον</span> <span class='ocrx_word' id='word_1_144' title='bbox 1029 2395 1114 2478; x_wconf 81' lang='grc' dir='ltr'>μέγα</span> <span class='ocrx_word' id='word_1_145' title='bbox 1135 2395 1216 2460; x_wconf 85' lang='grc' dir='ltr'>όέν-</span> 
     </span>
     <span class='ocr_line' id='line_1_18' title="bbox 73 2502 1215 2589; baseline 0.002 -23"><span class='ocrx_word' id='word_1_146' title='bbox 73 2505 159 2584; x_wconf 82' lang='grc' dir='ltr'>όρον</span> <span class='ocrx_word' id='word_1_147' title='bbox 183 2503 238 2568; x_wconf 76' lang='grc' dir='ltr'>ἐπὶ</span> <span class='ocrx_word' id='word_1_148' title='bbox 260 2502 360 2585; x_wconf 74' lang='grc' dir='ltr'>χθονὶ</span> <span class='ocrx_word' id='word_1_149' title='bbox 382 2502 437 2567; x_wconf 78' lang='grc' dir='ltr'>καὶ</span> <span class='ocrx_word' id='word_1_150' title='bbox 460 2503 542 2587; x_wconf 85' lang='grc' dir='ltr'>φέρε</span> <span class='ocrx_word' id='word_1_151' title='bbox 565 2504 711 2588; x_wconf 83' lang='grc' dir='ltr'>καρπόν)</span> <span class='ocrx_word' id='word_1_152' title='bbox 748 2543 789 2553; x_wconf 84' lang='lat'><em>-</em></span> <span class='ocrx_word' id='word_1_153' title='bbox 827 2506 960 2584; x_wconf 87' lang='grc' dir='ltr'>Μαρία</span> <span class='ocrx_word' id='word_1_154' title='bbox 983 2506 1115 2589; x_wconf 87' lang='grc' dir='ltr'>(Ζήνων</span> <span class='ocrx_word' id='word_1_155' title='bbox 1138 2507 1173 2569; x_wconf 87' lang='grc' dir='ltr'>δὲ</span> <span class='ocrx_word' id='word_1_156' title='bbox 1196 2505 1215 2568; x_wconf 89' lang='grc' dir='ltr'>ὁ</span> 
     </span>
     <span class='ocr_line' id='line_1_19' title="bbox 75 2613 228 2696; baseline 0 -18"><span class='ocrx_word' id='word_1_157' title='bbox 75 2613 228 2696; x_wconf 82' lang='grc' dir='ltr'>Μίνδιος)</span> 
     </span>
    </p>
   </div>
   <div class='ocr_carea' id='block_1_6' title="bbox 75 2835 1215 3142">
    <p class='ocr_par' dir='ltr' id='par_1_6' title="bbox 75 2835 1215 3142">
     <span class='ocr_line' id='line_1_20' title="bbox 163 2835 1215 2916; baseline 0.002 -18"><span class='ocrx_word' id='word_1_158' title='bbox 163 2835 333 2899; x_wconf 90' lang='grc' dir='ltr'>Νεκάδες</span> <span class='ocrx_word' id='word_1_159' title='bbox 356 2835 510 2916; x_wconf 87' lang='grc' dir='ltr'>(Ὅμηρος</span> <span class='ocrx_word' id='word_1_160' title='bbox 534 2883 540 2896; x_wconf 96' lang='grc'><strong><em>.</em></strong></span> <span class='ocrx_word' id='word_1_161' title='bbox 565 2885 571 2898; x_wconf 89' lang='grc'><strong>.</strong></span> <span class='ocrx_word' id='word_1_162' title='bbox 597 2885 603 2899; x_wconf 95' lang='grc'>.</span> <span class='ocrx_word' id='word_1_163' title='bbox 626 2886 633 2900; x_wconf 95' lang='grc'><strong>.</strong></span> <span class='ocrx_word' id='word_1_164' title='bbox 657 2837 687 2900; x_wconf 76' lang='grc' dir='ltr'>οἱ</span> <span class='ocrx_word' id='word_1_165' title='bbox 708 2839 743 2901; x_wconf 86' lang='grc' dir='ltr'>δὲ</span> <span class='ocrx_word' id='word_1_166' title='bbox 759 2837 913 2916; x_wconf 90' lang='grc' dir='ltr'>νεώτεροι</span> <span class='ocrx_word' id='word_1_167' title='bbox 935 2887 941 2900; x_wconf 93' lang='grc'><em>.</em></span> <span class='ocrx_word' id='word_1_168' title='bbox 964 2886 971 2900; x_wconf 88' lang='grc'><strong>.</strong></span> <span class='ocrx_word' id='word_1_169' title='bbox 994 2887 1001 2899; x_wconf 92' lang='grc'><strong>.</strong></span> <span class='ocrx_word' id='word_1_170' title='bbox 1023 2887 1030 2899; x_wconf 94' lang='grc'><em>.</em></span> <span class='ocrx_word' id='word_1_171' title='bbox 1054 2837 1103 2901; x_wconf 89' lang='grc' dir='ltr'>καὶ</span> <span class='ocrx_word' id='word_1_172' title='bbox 1119 2836 1215 2914; x_wconf 91' lang='grc' dir='ltr'>Ὅμη-</span> 
     </span>
     <span class='ocr_line' id='line_1_21' title="bbox 77 2933 1215 3028; baseline 0.001 -20"><span class='ocrx_word' id='word_1_173' title='bbox 77 2963 148 3021; x_wconf 84' lang='grc' dir='ltr'>ρος·</span> <span class='ocrx_word' id='word_1_174' title='bbox 172 2939 234 3006; x_wconf 84' lang='grc' dir='ltr'>οὐκ</span> <span class='ocrx_word' id='word_1_175' title='bbox 258 2933 392 3007; x_wconf 81' lang='grc' dir='ltr'>ἔστινιό</span> <span class='ocrx_word' id='word_1_176' title='bbox 412 2941 570 3026; x_wconf 76' lang='grc' dir='ltr'>Ἀργείων</span> <span class='ocrx_word' id='word_1_177' title='bbox 587 2948 736 3009; x_wconf 80' lang='grc' dir='ltr'>Δαναῶν</span> <span class='ocrx_word' id='word_1_178' title='bbox 759 2943 1025 3028; x_wconf 80' lang='grc' dir='ltr'>κεκαδησόμεθα.</span> <span class='ocrx_word' id='word_1_179' title='bbox 1049 2947 1136 3025; x_wconf 89' lang='grc' dir='ltr'>παρὰ</span> <span class='ocrx_word' id='word_1_180' title='bbox 1158 2947 1215 3023; x_wconf 84' lang='grc' dir='ltr'>μὲν</span> 
     </span>
     <span class='ocr_line' id='line_1_22' title="bbox 75 3049 937 3142; baseline 0.003 -25"><span class='ocrx_word' id='word_1_181' title='bbox 75 3057 143 3117; x_wconf 88' lang='grc' dir='ltr'>τοῖς</span> <span class='ocrx_word' id='word_1_182' title='bbox 166 3056 321 3119; x_wconf 89' lang='grc' dir='ltr'>κυκλικοῑς</span> <span class='ocrx_word' id='word_1_183' title='bbox 344 3055 375 3118; x_wconf 83' lang='grc' dir='ltr'>αἱ</span> <span class='ocrx_word' id='word_1_184' title='bbox 398 3056 498 3134; x_wconf 86' lang='grc' dir='ltr'>ψυχαὶ</span> <span class='ocrx_word' id='word_1_185' title='bbox 520 3049 660 3129; x_wconf 83' lang='grc' dir='ltr'>νεκάόες</span> <span class='ocrx_word' id='word_1_186' title='bbox 682 3057 846 3137; x_wconf 82' lang='grc' dir='ltr'>λέγονται)</span> <span class='ocrx_word' id='word_1_187' title='bbox 929 3133 937 3142; x_wconf 25' lang='grc' dir='ltr'>ἱ</span> 
     </span>
    </p>
   </div>
   <div class='ocr_carea' id='block_1_7' title="bbox 75 3289 1216 3918">
    <p class='ocr_par' dir='ltr' id='par_1_7' title="bbox 75 3289 1216 3918">
     <span class='ocr_line' id='line_1_23' title="bbox 168 3289 1216 3372; baseline 0.002 -20"><span class='ocrx_word' id='word_1_188' title='bbox 168 3289 238 3353; x_wconf 88' lang='grc'><strong>190.</strong></span> <span class='ocrx_word' id='word_1_189' title='bbox 262 3291 486 3356; x_wconf 87' lang='grc' dir='ltr'>Ξενοδόκος</span> <span class='ocrx_word' id='word_1_190' title='bbox 513 3291 545 3372; x_wconf 91' lang='grc' dir='ltr'>(ὁ</span> <span class='ocrx_word' id='word_1_191' title='bbox 569 3295 625 3370; x_wconf 82' lang='grc' dir='ltr'>μὲν</span> <span class='ocrx_word' id='word_1_192' title='bbox 648 3291 790 3370; x_wconf 89' lang='grc' dir='ltr'>Ὅμηρος</span> <span class='ocrx_word' id='word_1_193' title='bbox 914 3291 1087 3371; x_wconf 79' lang='grc' dir='ltr'>(ιμωνίδης</span> <span class='ocrx_word' id='word_1_194' title='bbox 1110 3293 1144 3356; x_wconf 85' lang='grc' dir='ltr'>δὲ</span> <span class='ocrx_word' id='word_1_195' title='bbox 1167 3293 1216 3355; x_wconf 85' lang='grc' dir='ltr'>καὶ</span> 
     </span>
     <span class='ocr_line' id='line_1_24' title="bbox 75 3400 1215 3481; baseline 0 -17"><span class='ocrx_word' id='word_1_196' title='bbox 75 3401 239 3478; x_wconf 90' lang='grc' dir='ltr'>Πίνδαρος</span> <span class='ocrx_word' id='word_1_197' title='bbox 262 3401 312 3465; x_wconf 88' lang='grc' dir='ltr'>καὶ</span> <span class='ocrx_word' id='word_1_198' title='bbox 333 3400 425 3465; x_wconf 84' lang='grc' dir='ltr'>ἄλλοι</span> <span class='ocrx_word' id='word_1_199' title='bbox 452 3403 534 3466; x_wconf 84' lang='grc' dir='ltr'>τινὲς</span> <span class='ocrx_word' id='word_1_200' title='bbox 556 3403 615 3467; x_wconf 88' lang='grc' dir='ltr'>τόν</span> <span class='ocrx_word' id='word_1_201' title='bbox 638 3403 780 3481; x_wconf 85' lang='grc' dir='ltr'>μάρτυρα</span> <span class='ocrx_word' id='word_1_202' title='bbox 808 3401 1000 3466; x_wconf 84' lang='grc' dir='ltr'>ἐξεδέξαντο.</span> <span class='ocrx_word' id='word_1_203' title='bbox 1030 3401 1215 3480; x_wconf 69' lang='grc' dir='ltr'>(ιμωνίδηο</span> 
     </span>
     <span class='ocr_line' id='line_1_25' title="bbox 77 3507 1216 3593; baseline 0.003 -22"><span class='ocrx_word' id='word_1_204' title='bbox 77 3507 292 3591; x_wconf 79' lang='grc' dir='ltr'>ξεινοδόκησε</span> <span class='ocrx_word' id='word_1_205' title='bbox 326 3507 499 3593; x_wconf 71' lang='grc' dir='ltr'>Τελαμών,</span> <span class='ocrx_word' id='word_1_206' title='bbox 537 3513 607 3578; x_wconf 83' lang='grc' dir='ltr'>ἀντὶ</span> <span class='ocrx_word' id='word_1_207' title='bbox 640 3516 698 3576; x_wconf 86' lang='grc' dir='ltr'>τοῦ</span> <span class='ocrx_word' id='word_1_208' title='bbox 726 3511 928 3590; x_wconf 86' lang='grc' dir='ltr'>ἐμαρτύρηςε.</span> <span class='ocrx_word' id='word_1_209' title='bbox 963 3511 1012 3574; x_wconf 88' lang='grc' dir='ltr'>καὶ</span> <span class='ocrx_word' id='word_1_210' title='bbox 1039 3510 1216 3588; x_wconf 84' lang='grc' dir='ltr'>Πίνδαρος·</span> 
     </span>
     <span class='ocr_line' id='line_1_26' title="bbox 76 3615 1216 3703; baseline 0.003 -23"><span class='ocrx_word' id='word_1_211' title='bbox 76 3617 281 3693; x_wconf 84' lang='grc' dir='ltr'>ξεινοδόκιον</span> <span class='ocrx_word' id='word_1_212' title='bbox 308 3615 338 3680; x_wconf 76' lang='grc' dir='ltr'>δ’</span> <span class='ocrx_word' id='word_1_213' title='bbox 363 3617 497 3701; x_wconf 79' lang='grc' dir='ltr'>ἀρίστας</span> <span class='ocrx_word' id='word_1_214' title='bbox 523 3617 646 3703; x_wconf 78' lang='grc' dir='ltr'>χρυσός</span> <span class='ocrx_word' id='word_1_215' title='bbox 675 3621 714 3684; x_wconf 84' lang='grc' dir='ltr'>έν</span> <span class='ocrx_word' id='word_1_216' title='bbox 742 3619 853 3701; x_wconf 78' lang='grc' dir='ltr'>αἰθέρι</span> <span class='ocrx_word' id='word_1_217' title='bbox 882 3619 1037 3700; x_wconf 82' lang='grc' dir='ltr'>λάμπων,</span> <span class='ocrx_word' id='word_1_218' title='bbox 1067 3620 1139 3685; x_wconf 83' lang='grc' dir='ltr'>ἀντὶ</span> <span class='ocrx_word' id='word_1_219' title='bbox 1158 3624 1216 3684; x_wconf 83' lang='grc' dir='ltr'>τοῦ</span> 
     </span>
     <span class='ocr_line' id='line_1_27' title="bbox 75 3729 1216 3812; baseline 0.004 -22"><span class='ocrx_word' id='word_1_220' title='bbox 75 3731 261 3810; x_wconf 85' lang='grc' dir='ltr'>μαρτυρῶν)</span> <span class='ocrx_word' id='word_1_221' title='bbox 289 3767 331 3776; x_wconf 83' lang='lat'>—</span> <span class='ocrx_word' id='word_1_222' title='bbox 359 3729 503 3810; x_wconf 88' lang='grc' dir='ltr'>Ξέςτης</span> <span class='ocrx_word' id='word_1_223' title='bbox 531 3731 631 3812; x_wconf 83' lang='grc' dir='ltr'>(οὕτω</span> <span class='ocrx_word' id='word_1_224' title='bbox 655 3731 830 3796; x_wconf 84' lang='grc' dir='ltr'>Φιλόξενος</span> <span class='ocrx_word' id='word_1_225' title='bbox 852 3731 888 3796; x_wconf 89' lang='grc' dir='ltr'>ἐν</span> <span class='ocrx_word' id='word_1_226' title='bbox 910 3733 957 3794; x_wconf 84' lang='grc' dir='ltr'>τῶ</span> <span class='ocrx_word' id='word_1_227' title='bbox 979 3730 1051 3810; x_wconf 85' lang='grc' dir='ltr'>περὶ</span> <span class='ocrx_word' id='word_1_228' title='bbox 1073 3735 1127 3807; x_wconf 85' lang='grc' dir='ltr'>τῆς</span> <span class='ocrx_word' id='word_1_229' title='bbox 1150 3733 1216 3794; x_wconf 85' lang='grc' dir='ltr'>τῶν</span> 
     </span>
     <span class='ocr_line' id='line_1_28' title="bbox 75 3837 449 3918; baseline 0.008 -19"><span class='ocrx_word' id='word_1_230' title='bbox 75 3837 244 3915; x_wconf 87' lang='grc' dir='ltr'>Ῥωμαίων</span> <span class='ocrx_word' id='word_1_231' title='bbox 267 3840 449 3918; x_wconf 90' lang='grc' dir='ltr'>διαλέξεως)</span> 
     </span>
    </p>
   </div>
   <div class='ocr_carea' id='block_1_8' title="bbox 76 4069 1219 4487">
    <p class='ocr_par' dir='ltr' id='par_1_8' title="bbox 76 4069 1219 4487">
     <span class='ocr_line' id='line_1_29' title="bbox 164 4069 1216 4164; baseline 0.001 -26"><span class='ocrx_word' id='word_1_232' title='bbox 164 4073 331 4154; x_wconf 80' lang='grc' dir='ltr'>Οἶςτρος</span> <span class='ocrx_word' id='word_1_233' title='bbox 358 4077 422 4156; x_wconf 87' lang='grc' dir='ltr'>(καὶ</span> <span class='ocrx_word' id='word_1_234' title='bbox 451 4075 661 4155; x_wconf 84' lang='grc' dir='ltr'>Καλλίμαχος·</span> <span class='ocrx_word' id='word_1_235' title='bbox 688 4077 771 4158; x_wconf 84' lang='grc' dir='ltr'>βοῦς</span> <span class='ocrx_word' id='word_1_236' title='bbox 793 4074 875 4139; x_wconf 87' lang='grc' dir='ltr'>σόον</span> <span class='ocrx_word' id='word_1_237' title='bbox 904 4069 956 4161; x_wconf 81' lang='grc' dir='ltr'>[ὃν</span> <span class='ocrx_word' id='word_1_238' title='bbox 979 4075 1050 4138; x_wconf 82' lang='lat' dir='ltr'><strong>add.</strong></span> <span class='ocrx_word' id='word_1_239' title='bbox 1074 4097 1116 4138; x_wconf 89' lang='lat'>111.</span> <span class='ocrx_word' id='word_1_240' title='bbox 1140 4075 1216 4164; x_wconf 69' lang='grc' dir='ltr'>ενα.)</span> 
     </span>
     <span class='ocr_line' id='line_1_30' title="bbox 77 4178 1219 4268; baseline 0.006 -23"><span class='ocrx_word' id='word_1_241' title='bbox 77 4205 114 4246; x_wconf 87' lang='grc' dir='ltr'>τε</span> <span class='ocrx_word' id='word_1_242' title='bbox 136 4178 260 4266; x_wconf 81' lang='grc' dir='ltr'>μύωπα</span> <span class='ocrx_word' id='word_1_243' title='bbox 281 4187 373 4266; x_wconf 74' lang='grc' dir='ltr'>βοῶν</span> <span class='ocrx_word' id='word_1_244' title='bbox 397 4183 577 4248; x_wconf 84' lang='grc' dir='ltr'>καλέουσιν</span> <span class='ocrx_word' id='word_1_245' title='bbox 599 4181 760 4268; x_wconf 81' lang='grc' dir='ltr'>άμορβοί)</span> <span class='ocrx_word' id='word_1_246' title='bbox 792 4224 829 4232; x_wconf 84' lang='lat'>-</span> <span class='ocrx_word' id='word_1_247' title='bbox 868 4184 1036 4264; x_wconf 82' lang='grc' dir='ltr'>Ὀργάδα</span> <span class='ocrx_word' id='word_1_248' title='bbox 1058 4186 1219 4267; x_wconf 84' lang='grc' dir='ltr'>(Κόμανος</span> 
     </span>
     <span class='ocr_line' id='line_1_31' title="bbox 76 4287 1218 4377; baseline 0.005 -20"><span class='ocrx_word' id='word_1_249' title='bbox 76 4295 112 4357; x_wconf 80' lang='grc' dir='ltr'>δὲ</span> <span class='ocrx_word' id='word_1_250' title='bbox 136 4343 143 4357; x_wconf 93' lang='grc'><em>.</em></span> <span class='ocrx_word' id='word_1_251' title='bbox 167 4344 174 4356; x_wconf 93' lang='grc'><strong>.</strong></span> <span class='ocrx_word' id='word_1_252' title='bbox 197 4344 204 4356; x_wconf 95' lang='grc'><em>.</em></span> <span class='ocrx_word' id='word_1_253' title='bbox 228 4344 234 4357; x_wconf 96' lang='grc'><strong>.</strong></span> <span class='ocrx_word' id='word_1_254' title='bbox 257 4294 439 4374; x_wconf 67' lang='grc' dir='ltr'>(οφοκλῆο</span> <span class='ocrx_word' id='word_1_255' title='bbox 467 4295 600 4376; x_wconf 81' lang='grc' dir='ltr'>θέλοιμι</span> <span class='ocrx_word' id='word_1_256' title='bbox 629 4292 736 4377; x_wconf 84' lang='grc' dir='ltr'>πηλὸν</span> <span class='ocrx_word' id='word_1_257' title='bbox 759 4287 980 4376; x_wconf 76' lang='grc' dir='ltr'>ὀργάσασθαι.</span> <span class='ocrx_word' id='word_1_258' title='bbox 1005 4297 1056 4360; x_wconf 88' lang='grc' dir='ltr'>καὶ</span> <span class='ocrx_word' id='word_1_259' title='bbox 1082 4297 1218 4377; x_wconf 74' lang='grc' dir='ltr'>Ἀριέτυ-</span> 
     </span>
     <span class='ocr_line' id='line_1_32' title="bbox 77 4397 940 4487; baseline 0.002 -21"><span class='ocrx_word' id='word_1_260' title='bbox 77 4403 186 4483; x_wconf 88' lang='grc' dir='ltr'>φάνης</span> <span class='ocrx_word' id='word_1_261' title='bbox 207 4403 364 4481; x_wconf 77' lang='grc' dir='ltr'>’Θρνιςιν</span> <span class='ocrx_word' id='word_1_262' title='bbox 386 4397 514 4479; x_wconf 81' lang='grc' dir='ltr'>άπαόός</span> <span class='ocrx_word' id='word_1_263' title='bbox 536 4397 678 4487; x_wconf 80' lang='grc' dir='ltr'>ὀργάδα)</span> <span class='ocrx_word' id='word_1_264' title='bbox 699 4443 742 4453; x_wconf 90' lang='lat'><em>-</em></span> <span class='ocrx_word' id='word_1_265' title='bbox 764 4405 940 4482; x_wconf 90' lang='grc' dir='ltr'>Ὁριςμός</span> 
     </span>
    </p>
   </div>
   <div class='ocr_carea' id='block_1_9' title="bbox 131 4509 1016 4572">
    <p class='ocr_par' dir='ltr' id='par_1_9' title="bbox 131 4509 1016 4572">
     <span class='ocr_line' id='line_1_33' title="bbox 131 4509 1016 4572; baseline 0.01 -18"><span class='ocrx_word' id='word_1_266' title='bbox 131 4521 176 4555; x_wconf 71' lang='grc' dir='ltr'>ιιι.</span> <span class='ocrx_word' id='word_1_267' title='bbox 195 4521 359 4558; x_wconf 70' lang='lat' dir='ltr'>umanum</span> <span class='ocrx_word' id='word_1_268' title='bbox 379 4523 524 4558; x_wconf 72' lang='grc' dir='ltr'>υνυνουυι</span> <span class='ocrx_word' id='word_1_269' title='bbox 544 4525 562 4562; x_wconf 92' lang='grc' dir='ltr'>ι.</span> <span class='ocrx_word' id='word_1_270' title='bbox 972 4509 1016 4572; x_wconf 82' lang='grc'>44</span> 
     </span>
    </p>
   </div>
   <div class='ocr_carea' id='block_1_10' title="bbox 0 0 1496 5140">
    <p class='ocr_par' dir='ltr' id='par_1_10' title="bbox 0 0 1496 5140">
     <span class='ocr_line' id='line_1_34' title="bbox 0 0 1496 5140; baseline 0 0"><span class='ocrx_word' id='word_1_271' title='bbox 0 0 1496 5140; x_wconf 95' lang='lat' dir='ltr'> </span> 
     </span>
    </p>
   </div>
  </div>
 </body>
</html>
