<?xml version="1.0" encoding="UTF-8"?>
<!DOCTYPE html PUBLIC "-//W3C//DTD XHTML 1.0 Transitional//EN"
    "http://www.w3.org/TR/xhtml1/DTD/xhtml1-transitional.dtd">
<html xmlns="http://www.w3.org/1999/xhtml" xml:lang="en" lang="en">
 <head>
  <title>
</title>
<meta http-equiv="Content-Type" content="text/html;charset=utf-8" />
  <meta name='ocr-system' content='tesseract 3.04.00' />
  <meta name='ocr-capabilities' content='ocr_page ocr_carea ocr_par ocr_line ocrx_word'/>
</head>
<body>
  <div class='ocr_page' id='page_1' title='image "./fridericiritsch04ritsgoog_0676.png"; bbox 0 0 2976 5140; ppageno 0'>
   <div class='ocr_carea' id='block_1_1' title="bbox 442 359 1196 426">
    <p class='ocr_par' dir='ltr' id='par_1_1' title="bbox 442 359 1196 426">
     <span class='ocr_line' id='line_1_1' title="bbox 442 359 1196 426; baseline -0.005 0"><span class='ocrx_word' id='word_1_1' title='bbox 442 379 487 426; x_wconf 81' lang='lat' dir='ltr'>us</span> <span class='ocrx_word' id='word_1_2' title='bbox 511 377 581 424; x_wconf 83' lang='lat' dir='ltr'>ouo</span> <span class='ocrx_word' id='word_1_3' title='bbox 605 378 648 424; x_wconf 76' lang='lat' dir='ltr'>uu·</span> <span class='ocrx_word' id='word_1_4' title='bbox 671 375 812 424; x_wconf 69' lang='lat' dir='ltr'>uitiosa.</span> <span class='ocrx_word' id='word_1_5' title='bbox 1135 359 1196 424; x_wconf 69' lang='lat' dir='ltr'>llll</span> 
     </span>
    </p>
   </div>
   <div class='ocr_carea' id='block_1_2' title="bbox 67 528 1241 2604">
    <p class='ocr_par' dir='ltr' id='par_1_2' title="bbox 67 528 1241 2604">
     <span class='ocr_line' id='line_1_2' title="bbox 73 528 1198 615; baseline -0.004 -19"><span class='ocrx_word' id='word_1_6' title='bbox 73 539 143 597; x_wconf 84' lang='lat' dir='ltr'>reut.</span> <span class='ocrx_word' id='word_1_7' title='bbox 165 535 280 598; x_wconf 87' lang='lat' dir='ltr'>-Ori</span> <span class='ocrx_word' id='word_1_8' title='bbox 303 555 420 596; x_wconf 90' lang='lat' dir='ltr'>nomeu</span> <span class='ocrx_word' id='word_1_9' title='bbox 437 531 601 615; x_wconf 76' lang='lat' dir='ltr'>Stephano</span> <span class='ocrx_word' id='word_1_10' title='bbox 624 531 828 594; x_wconf 71' lang='lat' dir='ltr'>restituturus</span> <span class='ocrx_word' id='word_1_11' title='bbox 850 528 1022 613; x_wconf 83' lang='lat' dir='ltr'>aliquando</span> <span class='ocrx_word' id='word_1_12' title='bbox 1044 528 1141 592; x_wconf 86' lang='lat' dir='ltr'>etiarn</span> <span class='ocrx_word' id='word_1_13' title='bbox 1164 530 1198 592; x_wconf 91' lang='lat' dir='ltr'>in</span> 
     </span>
     <span class='ocr_line' id='line_1_3' title="bbox 71 641 1197 728; baseline -0.004 -22"><span class='ocrx_word' id='word_1_14' title='bbox 71 645 208 708; x_wconf 81' lang='lat' dir='ltr'>luseram</span> <span class='ocrx_word' id='word_1_15' title='bbox 223 667 255 728; x_wconf 89' lang='lat' dir='ltr'>p.</span> <span class='ocrx_word' id='word_1_16' title='bbox 271 645 303 726; x_wconf 82' lang='lat'>4,</span> <span class='ocrx_word' id='word_1_17' title='bbox 320 644 377 708; x_wconf 81' lang='lat'>32:</span> <span class='ocrx_word' id='word_1_18' title='bbox 393 645 561 724; x_wconf 81' lang='grc' dir='ltr'>Ἀβαρνοε,</span> <span class='ocrx_word' id='word_1_19' title='bbox 577 644 670 707; x_wconf 86' lang='grc' dir='ltr'>πόλιε</span> <span class='ocrx_word' id='word_1_20' title='bbox 685 643 736 706; x_wconf 89' lang='grc' dir='ltr'>καὶ</span> <span class='ocrx_word' id='word_1_21' title='bbox 750 643 841 720; x_wconf 85' lang='grc' dir='ltr'>χώρα</span> <span class='ocrx_word' id='word_1_22' title='bbox 856 641 938 720; x_wconf 88' lang='grc' dir='ltr'>ἄκρα</span> <span class='ocrx_word' id='word_1_23' title='bbox 952 645 1007 719; x_wconf 86' lang='grc' dir='ltr'>τῆε</span> <span class='ocrx_word' id='word_1_24' title='bbox 1022 641 1197 720; x_wconf 84' lang='grc' dir='ltr'>Παριανῆε.</span> 
     </span>
     <span class='ocr_line' id='line_1_4' title="bbox 71 751 1198 837; baseline -0.006 -16"><span class='ocrx_word' id='word_1_25' title='bbox 71 755 230 834; x_wconf 74' lang='grc' dir='ltr'>Ἡρόδοτοι</span> <span class='ocrx_word' id='word_1_26' title='bbox 257 757 294 820; x_wconf 77' lang='grc' dir='ltr'>δὲ</span> <span class='ocrx_word' id='word_1_27' title='bbox 321 756 357 820; x_wconf 87' lang='grc' dir='ltr'>ἐν</span> <span class='ocrx_word' id='word_1_28' title='bbox 383 755 517 837; x_wconf 85' lang='grc' dir='ltr'>τετάρτῃ</span> <span class='ocrx_word' id='word_1_29' title='bbox 546 754 659 834; x_wconf 88' lang='grc' dir='ltr'>φηείν,</span> <span class='ocrx_word' id='word_1_30' title='bbox 694 751 742 816; x_wconf 86' lang='grc' dir='ltr'>ὅτι</span> <span class='ocrx_word' id='word_1_31' title='bbox 771 751 914 831; x_wconf 81' lang='grc' dir='ltr'>Ἀβορνίε</span> <span class='ocrx_word' id='word_1_32' title='bbox 941 753 1074 828; x_wconf 87' lang='grc' dir='ltr'>λέγεται.</span> <span class='ocrx_word' id='word_1_33' title='bbox 1115 751 1198 816; x_wconf 90' lang='grc' dir='ltr'>άλλά</span> 
     </span>
     <span class='ocr_line' id='line_1_5' title="bbox 72 860 1198 944; baseline -0.003 -17"><span class='ocrx_word' id='word_1_34' title='bbox 72 868 115 930; x_wconf 84' lang='grc' dir='ltr'>καὶ</span> <span class='ocrx_word' id='word_1_35' title='bbox 134 867 174 930; x_wconf 80' lang='lat' dir='ltr'>eit</span> <span class='ocrx_word' id='word_1_36' title='bbox 195 887 239 931; x_wconf 84' lang='grc' dir='ltr'>οε,</span> <span class='ocrx_word' id='word_1_37' title='bbox 284 864 414 928; x_wconf 81' lang='lat' dir='ltr'>Falsum</span> <span class='ocrx_word' id='word_1_38' title='bbox 436 863 591 927; x_wconf 77' lang='lat' dir='ltr'><strong>Herodoti</strong></span> <span class='ocrx_word' id='word_1_39' title='bbox 619 862 838 926; x_wconf 85' lang='lat' dir='ltr'>testimouium</span> <span class='ocrx_word' id='word_1_40' title='bbox 860 860 1015 944; x_wconf 88' lang='lat' dir='ltr'>putabam</span> <span class='ocrx_word' id='word_1_41' title='bbox 1037 862 1083 924; x_wconf 88' lang='lat' dir='ltr'>sie</span> <span class='ocrx_word' id='word_1_42' title='bbox 1105 883 1198 944; x_wconf 83' lang='lat' dir='ltr'>posse</span> 
     </span>
     <span class='ocr_line' id='line_1_6' title="bbox 71 971 1196 1058; baseline -0.003 -21"><span class='ocrx_word' id='word_1_43' title='bbox 71 977 226 1040; x_wconf 83' lang='lat' dir='ltr'>removeri:</span> <span class='ocrx_word' id='word_1_44' title='bbox 249 977 349 1055; x_wconf 81' lang='grc' dir='ltr'>Ὥροε</span> <span class='ocrx_word' id='word_1_45' title='bbox 363 977 399 1040; x_wconf 82' lang='grc' dir='ltr'>δὲ</span> <span class='ocrx_word' id='word_1_46' title='bbox 414 977 450 1042; x_wconf 87' lang='grc' dir='ltr'>ἐν</span> <span class='ocrx_word' id='word_1_47' title='bbox 465 974 599 1058; x_wconf 86' lang='grc' dir='ltr'>τετάρτη</span> <span class='ocrx_word' id='word_1_48' title='bbox 623 973 731 1054; x_wconf 86' lang='grc' dir='ltr'>φηείν;</span> <span class='ocrx_word' id='word_1_49' title='bbox 754 972 872 1056; x_wconf 80' lang='lat' dir='ltr'>quippe</span> <span class='ocrx_word' id='word_1_50' title='bbox 895 971 1039 1053; x_wconf 87' lang='grc' dir='ltr'>Ἀβαρνίε</span> <span class='ocrx_word' id='word_1_51' title='bbox 1061 972 1196 1034; x_wconf 85' lang='lat' dir='ltr'>formam</span> 
     </span>
     <span class='ocr_line' id='line_1_7' title="bbox 72 1081 1195 1170; baseline -0.002 -23"><span class='ocrx_word' id='word_1_52' title='bbox 72 1107 169 1170; x_wconf 78' lang='lat' dir='ltr'><strong>reapse</strong></span> <span class='ocrx_word' id='word_1_53' title='bbox 201 1085 257 1152; x_wconf 82' lang='lat' dir='ltr'>Ori</span> <span class='ocrx_word' id='word_1_54' title='bbox 286 1086 478 1150; x_wconf 85' lang='lat' dir='ltr'>auctoritate</span> <span class='ocrx_word' id='word_1_55' title='bbox 512 1087 726 1148; x_wconf 83' lang='lat' dir='ltr'>contestatam</span> <span class='ocrx_word' id='word_1_56' title='bbox 758 1083 912 1146; x_wconf 85' lang='lat' dir='ltr'>habemus</span> <span class='ocrx_word' id='word_1_57' title='bbox 943 1083 977 1146; x_wconf 89' lang='lat' dir='ltr'>in</span> <span class='ocrx_word' id='word_1_58' title='bbox 1010 1081 1118 1165; x_wconf 65' lang='grc' dir='ltr'>Εἶναι.</span> <span class='ocrx_word' id='word_1_59' title='bbox 1150 1081 1195 1145; x_wconf 88' lang='grc' dir='ltr'>Μ.</span> 
     </span>
     <span class='ocr_line' id='line_1_8' title="bbox 71 1193 1198 1288; baseline 0.001 -31"><span class='ocrx_word' id='word_1_60' title='bbox 71 1218 97 1277; x_wconf 90' lang='lat' dir='ltr'>p.</span> <span class='ocrx_word' id='word_1_61' title='bbox 118 1197 150 1276; x_wconf 79' lang='lat'>2,</span> <span class='ocrx_word' id='word_1_62' title='bbox 175 1197 222 1260; x_wconf 87' lang='lat'>13.</span> <span class='ocrx_word' id='word_1_63' title='bbox 253 1196 310 1260; x_wconf 76' lang='lat'>26:</span> <span class='ocrx_word' id='word_1_64' title='bbox 347 1197 398 1260; x_wconf 86' lang='grc' dir='ltr'>καὶ</span> <span class='ocrx_word' id='word_1_65' title='bbox 427 1196 493 1260; x_wconf 91' lang='grc' dir='ltr'>άπὸ</span> <span class='ocrx_word' id='word_1_66' title='bbox 521 1195 639 1260; x_wconf 90' lang='grc' dir='ltr'>τούτου</span> <span class='ocrx_word' id='word_1_67' title='bbox 664 1193 836 1288; x_wconf 83' lang='grc' dir='ltr'>Ἀπαρνίδα</span> <span class='ocrx_word' id='word_1_68' title='bbox 863 1196 1032 1272; x_wconf 81' lang='grc' dir='ltr'>κληθῆναι,</span> <span class='ocrx_word' id='word_1_69' title='bbox 1062 1193 1142 1258; x_wconf 87' lang='grc' dir='ltr'>κατὰ</span> <span class='ocrx_word' id='word_1_70' title='bbox 1162 1195 1198 1258; x_wconf 85' lang='grc' dir='ltr'>δέ</span> 
     </span>
     <span class='ocr_line' id='line_1_9' title="bbox 70 1302 1198 1387; baseline -0.001 -18"><span class='ocrx_word' id='word_1_71' title='bbox 70 1308 236 1386; x_wconf 82' lang='grc' dir='ltr'>ἐναλλαγὴν</span> <span class='ocrx_word' id='word_1_72' title='bbox 264 1311 325 1372; x_wconf 83' lang='grc' dir='ltr'>τοῦ</span> <span class='ocrx_word' id='word_1_73' title='bbox 353 1306 510 1385; x_wconf 84' lang='grc' dir='ltr'>ετοιχείου</span> <span class='ocrx_word' id='word_1_74' title='bbox 540 1304 708 1386; x_wconf 80' lang='grc' dir='ltr'>Ἀβαρνίδα</span> <span class='ocrx_word' id='word_1_75' title='bbox 735 1303 804 1386; x_wconf 84' lang='lat' dir='ltr'>(ubi</span> <span class='ocrx_word' id='word_1_76' title='bbox 833 1302 984 1387; x_wconf 82' lang='lat' dir='ltr'>vulgatur</span> <span class='ocrx_word' id='word_1_77' title='bbox 1005 1304 1198 1382; x_wconf 79' lang='grc' dir='ltr'>Ἀπαρνίδην</span> 
     </span>
     <span class='ocr_line' id='line_1_10' title="bbox 71 1415 1198 1502; baseline 0.001 -25"><span class='ocrx_word' id='word_1_78' title='bbox 71 1421 96 1478; x_wconf 83' lang='lat' dir='ltr'>et</span> <span class='ocrx_word' id='word_1_79' title='bbox 121 1417 327 1502; x_wconf 82' lang='grc' dir='ltr'>Ἀβαρνίδην).</span> <span class='ocrx_word' id='word_1_80' title='bbox 373 1417 443 1490; x_wconf 77' lang='lat' dir='ltr'>(lua</span> <span class='ocrx_word' id='word_1_81' title='bbox 472 1415 656 1480; x_wconf 82' lang='lat' dir='ltr'>coniectura</span> <span class='ocrx_word' id='word_1_82' title='bbox 684 1415 828 1498; x_wconf 84' lang='lat' dir='ltr'>quamvis</span> <span class='ocrx_word' id='word_1_83' title='bbox 855 1417 1042 1498; x_wconf 84' lang='lat' dir='ltr'>exoptatum</span> <span class='ocrx_word' id='word_1_84' title='bbox 1070 1415 1198 1478; x_wconf 83' lang='lat' dir='ltr'>nancis-</span> 
     </span>
     <span class='ocr_line' id='line_1_11' title="bbox 71 1524 1198 1611; baseline 0 -23"><span class='ocrx_word' id='word_1_85' title='bbox 71 1547 165 1590; x_wconf 82' lang='lat' dir='ltr'>eamur</span> <span class='ocrx_word' id='word_1_86' title='bbox 196 1527 293 1591; x_wconf 88' lang='lat' dir='ltr'><strong>libri</strong></span> <span class='ocrx_word' id='word_1_87' title='bbox 323 1525 486 1590; x_wconf 84' lang='lat' dir='ltr'>Ethuieou</span> <span class='ocrx_word' id='word_1_88' title='bbox 515 1525 648 1611; x_wconf 84' lang='lat' dir='ltr'>quarti</span> <span class='ocrx_word' id='word_1_89' title='bbox 678 1525 912 1608; x_wconf 82' lang='lat' dir='ltr'>testimouium,</span> <span class='ocrx_word' id='word_1_90' title='bbox 946 1524 987 1588; x_wconf 82' lang='lat' dir='ltr'>ad</span> <span class='ocrx_word' id='word_1_91' title='bbox 1015 1525 1198 1609; x_wconf 79' lang='lat' dir='ltr'>fragmenta</span> 
     </span>
     <span class='ocr_line' id='line_1_12' title="bbox 70 1634 1199 1721; baseline 0.002 -25"><span class='ocrx_word' id='word_1_92' title='bbox 70 1637 124 1698; x_wconf 78' lang='lat' dir='ltr'>uris</span> <span class='ocrx_word' id='word_1_93' title='bbox 143 1637 270 1721; x_wconf 82' lang='lat' dir='ltr'>singula</span> <span class='ocrx_word' id='word_1_94' title='bbox 293 1637 371 1701; x_wconf 83' lang='lat' dir='ltr'>loeis</span> <span class='ocrx_word' id='word_1_95' title='bbox 392 1636 613 1700; x_wconf 84' lang='lat' dir='ltr'>distribuenda</span> <span class='ocrx_word' id='word_1_96' title='bbox 635 1635 851 1717; x_wconf 84' lang='lat' dir='ltr'>utilissimum,</span> <span class='ocrx_word' id='word_1_97' title='bbox 874 1639 984 1699; x_wconf 85' lang='lat' dir='ltr'>tamen</span> <span class='ocrx_word' id='word_1_98' title='bbox 1008 1657 1041 1698; x_wconf 87' lang='lat' dir='ltr'>re</span> <span class='ocrx_word' id='word_1_99' title='bbox 1063 1634 1199 1718; x_wconf 82' lang='lat' dir='ltr'>diligen-</span> 
     </span>
     <span class='ocr_line' id='line_1_13' title="bbox 71 1745 1199 1830; baseline 0 -23"><span class='ocrx_word' id='word_1_100' title='bbox 71 1745 123 1809; x_wconf 85' lang='lat' dir='ltr'>tius</span> <span class='ocrx_word' id='word_1_101' title='bbox 143 1749 305 1830; x_wconf 82' lang='lat' dir='ltr'>pensitata</span> <span class='ocrx_word' id='word_1_102' title='bbox 327 1747 362 1811; x_wconf 90' lang='lat' dir='ltr'>in</span> <span class='ocrx_word' id='word_1_103' title='bbox 384 1745 546 1810; x_wconf 86' lang='lat' dir='ltr'>Holstenii</span> <span class='ocrx_word' id='word_1_104' title='bbox 569 1745 764 1810; x_wconf 82' lang='lat' dir='ltr'>sententiam</span> <span class='ocrx_word' id='word_1_105' title='bbox 780 1747 977 1826; x_wconf 78' lang='lat' dir='ltr'>‘prbiavdc</span> <span class='ocrx_word' id='word_1_106' title='bbox 1000 1745 1199 1810; x_wconf 80' lang='lat' dir='ltr'>restituentis</span> 
     </span>
     <span class='ocr_line' id='line_1_14' title="bbox 71 1855 1198 1940; baseline 0.003 -23"><span class='ocrx_word' id='word_1_107' title='bbox 71 1858 194 1922; x_wconf 75' lang='lat' dir='ltr'>concedo</span> <span class='ocrx_word' id='word_1_108' title='bbox 218 1880 290 1922; x_wconf 84' lang='lat' dir='ltr'>cum</span> <span class='ocrx_word' id='word_1_109' title='bbox 313 1859 445 1922; x_wconf 88' lang='lat' dir='ltr'>Osanuo</span> <span class='ocrx_word' id='word_1_110' title='bbox 474 1857 509 1922; x_wconf 88' lang='lat' dir='ltr'>in</span> <span class='ocrx_word' id='word_1_111' title='bbox 531 1856 666 1920; x_wconf 88' lang='lat' dir='ltr'>Philem.</span> <span class='ocrx_word' id='word_1_112' title='bbox 690 1879 722 1940; x_wconf 90' lang='lat' dir='ltr'>p.</span> <span class='ocrx_word' id='word_1_113' title='bbox 745 1857 825 1938; x_wconf 81' lang='lat'>306,</span> <span class='ocrx_word' id='word_1_114' title='bbox 856 1859 911 1920; x_wconf 86' lang='lat' dir='ltr'>sed</span> <span class='ocrx_word' id='word_1_115' title='bbox 940 1857 1025 1920; x_wconf 86' lang='lat' dir='ltr'>hano</span> <span class='ocrx_word' id='word_1_116' title='bbox 1053 1855 1198 1940; x_wconf 76' lang='lat' dir='ltr'>equidem</span> 
     </span>
     <span class='ocr_line' id='line_1_15' title="bbox 69 1967 1198 2052; baseline 0.002 -24"><span class='ocrx_word' id='word_1_117' title='bbox 69 1967 103 2028; x_wconf 89' lang='lat' dir='ltr'>eb</span> <span class='ocrx_word' id='word_1_118' title='bbox 123 1989 278 2050; x_wconf 80' lang='lat' dir='ltr'>caussam,</span> <span class='ocrx_word' id='word_1_119' title='bbox 303 1968 386 2052; x_wconf 91' lang='lat' dir='ltr'>quod</span> <span class='ocrx_word' id='word_1_120' title='bbox 409 1967 444 2032; x_wconf 91' lang='grc'>111</span> <span class='ocrx_word' id='word_1_121' title='bbox 467 1969 536 2050; x_wconf 89' lang='lat' dir='ltr'>ipso</span> <span class='ocrx_word' id='word_1_122' title='bbox 558 1971 699 2052; x_wconf 90' lang='lat' dir='ltr'>quarto</span> <span class='ocrx_word' id='word_1_123' title='bbox 721 1971 776 2046; x_wconf 73' lang='grc' dir='ltr'>τῆ(</span> <span class='ocrx_word' id='word_1_124' title='bbox 799 1967 940 2032; x_wconf 86' lang='grc' dir='ltr'>καθόλου</span> <span class='ocrx_word' id='word_1_125' title='bbox 962 1967 1044 2030; x_wconf 91' lang='lat' dir='ltr'>libro</span> <span class='ocrx_word' id='word_1_126' title='bbox 1067 1967 1198 2031; x_wconf 82' lang='lat' dir='ltr'>nomina</span> 
     </span>
     <span class='ocr_line' id='line_1_16' title="bbox 69 2075 1197 2144; baseline 0.002 -6"><span class='ocrx_word' id='word_1_127' title='bbox 69 2075 95 2138; x_wconf 91' lang='lat' dir='ltr'>in</span> <span class='ocrx_word' id='word_1_128' title='bbox 121 2099 165 2144; x_wconf 84' lang='grc' dir='ltr'>νιε</span> <span class='ocrx_word' id='word_1_129' title='bbox 193 2078 377 2142; x_wconf 84' lang='lat' dir='ltr'>desinentia</span> <span class='ocrx_word' id='word_1_130' title='bbox 404 2079 445 2142; x_wconf 89' lang='lat' dir='ltr'>ab</span> <span class='ocrx_word' id='word_1_131' title='bbox 474 2077 658 2142; x_wconf 81' lang='lat' dir='ltr'>Herodiano</span> <span class='ocrx_word' id='word_1_132' title='bbox 685 2078 783 2140; x_wconf 84' lang='lat' dir='ltr'>luisse</span> <span class='ocrx_word' id='word_1_133' title='bbox 811 2081 951 2140; x_wconf 88' lang='lat' dir='ltr'>traetatn</span> <span class='ocrx_word' id='word_1_134' title='bbox 980 2077 1127 2142; x_wconf 82' lang='lat' dir='ltr'>novimus</span> <span class='ocrx_word' id='word_1_135' title='bbox 1160 2099 1197 2140; x_wconf 85' lang='lat' dir='ltr'>ex</span> 
     </span>
     <span class='ocr_line' id='line_1_17' title="bbox 70 2187 1241 2270; baseline 0.003 -23"><span class='ocrx_word' id='word_1_136' title='bbox 70 2187 186 2252; x_wconf 53' lang='lat' dir='ltr'>,lreadii</span> <span class='ocrx_word' id='word_1_137' title='bbox 218 2189 402 2254; x_wconf 74' lang='lat' dir='ltr'>summane.</span> <span class='ocrx_word' id='word_1_138' title='bbox 449 2191 597 2254; x_wconf 76' lang='lat' dir='ltr'>Ceterum</span> <span class='ocrx_word' id='word_1_139' title='bbox 625 2189 821 2269; x_wconf 76' lang='grc' dir='ltr'>Ἠρώδιανόε</span> <span class='ocrx_word' id='word_1_140' title='bbox 856 2209 914 2270; x_wconf 91' lang='lat' dir='ltr'>pro</span> <span class='ocrx_word' id='word_1_141' title='bbox 941 2189 1116 2267; x_wconf 82' lang='grc' dir='ltr'>Ἡρόδοτοι</span> <span class='ocrx_word' id='word_1_142' title='bbox 1149 2188 1241 2251; x_wconf 78' lang='lat' dir='ltr'>vela</span> 
     </span>
     <span class='ocr_line' id='line_1_18' title="bbox 68 2297 1196 2384; baseline 0 -24"><span class='ocrx_word' id='word_1_143' title='bbox 68 2297 238 2376; x_wconf 85' lang='grc' dir='ltr'>Ἡρώδοτο(</span> <span class='ocrx_word' id='word_1_144' title='bbox 261 2300 453 2384; x_wconf 85' lang='lat' dir='ltr'>quinquiens</span> <span class='ocrx_word' id='word_1_145' title='bbox 476 2299 572 2362; x_wconf 82' lang='lat' dir='ltr'>redde</span> <span class='ocrx_word' id='word_1_146' title='bbox 588 2298 736 2362; x_wconf 69' lang='lat' dir='ltr'>(ludisne</span> <span class='ocrx_word' id='word_1_147' title='bbox 758 2321 789 2382; x_wconf 93' lang='lat' dir='ltr'>p.</span> <span class='ocrx_word' id='word_1_148' title='bbox 807 2298 859 2380; x_wconf 89' lang='lat'>83,</span> <span class='ocrx_word' id='word_1_149' title='bbox 874 2299 927 2362; x_wconf 81' lang='lat'>53.</span> <span class='ocrx_word' id='word_1_150' title='bbox 951 2297 1024 2379; x_wconf 78' lang='lat'>232,</span> <span class='ocrx_word' id='word_1_151' title='bbox 1047 2297 1100 2360; x_wconf 77' lang='lat'>42.</span> <span class='ocrx_word' id='word_1_152' title='bbox 1123 2297 1196 2380; x_wconf 76' lang='lat'>239,</span> 
     </span>
     <span class='ocr_line' id='line_1_19' title="bbox 67 2407 1197 2493; baseline 0.002 -25"><span class='ocrx_word' id='word_1_153' title='bbox 67 2407 93 2468; x_wconf 81' lang='lat'>5.</span> <span class='ocrx_word' id='word_1_154' title='bbox 115 2411 160 2472; x_wconf 77' lang='lat'>14.</span> <span class='ocrx_word' id='word_1_155' title='bbox 186 2412 236 2474; x_wconf 84' lang='lat'>16.</span> <span class='ocrx_word' id='word_1_156' title='bbox 260 2447 303 2458; x_wconf 87' lang='lat'>-</span> <span class='ocrx_word' id='word_1_157' title='bbox 325 2409 379 2474; x_wconf 76' lang='lat' dir='ltr'>sio</span> <span class='ocrx_word' id='word_1_158' title='bbox 401 2409 599 2488; x_wconf 74' lang='lat' dir='ltr'>revertimur,</span> <span class='ocrx_word' id='word_1_159' title='bbox 622 2431 642 2472; x_wconf 89' lang='lat' dir='ltr'>a</span> <span class='ocrx_word' id='word_1_160' title='bbox 664 2431 726 2493; x_wconf 91' lang='lat' dir='ltr'>quo</span> <span class='ocrx_word' id='word_1_161' title='bbox 748 2407 1005 2490; x_wconf 83' lang='lat' dir='ltr'>exordiebamur,</span> <span class='ocrx_word' id='word_1_162' title='bbox 1034 2407 1076 2470; x_wconf 89' lang='lat' dir='ltr'>ad</span> <span class='ocrx_word' id='word_1_163' title='bbox 1098 2407 1197 2471; x_wconf 85' lang='lat' dir='ltr'>Horo-</span> 
     </span>
     <span class='ocr_line' id='line_1_20' title="bbox 67 2517 1197 2604; baseline 0.002 -24"><span class='ocrx_word' id='word_1_164' title='bbox 67 2519 201 2585; x_wconf 82' lang='lat' dir='ltr'>dianum:</span> <span class='ocrx_word' id='word_1_165' title='bbox 235 2521 287 2584; x_wconf 89' lang='lat' dir='ltr'>eui</span> <span class='ocrx_word' id='word_1_166' title='bbox 309 2543 375 2584; x_wconf 90' lang='lat' dir='ltr'>non</span> <span class='ocrx_word' id='word_1_167' title='bbox 397 2521 436 2584; x_wconf 89' lang='lat' dir='ltr'>de</span> <span class='ocrx_word' id='word_1_168' title='bbox 459 2519 583 2604; x_wconf 77' lang='lat' dir='ltr'>legibus</span> <span class='ocrx_word' id='word_1_169' title='bbox 606 2523 733 2584; x_wconf 77' lang='lat' dir='ltr'>tantrun</span> <span class='ocrx_word' id='word_1_170' title='bbox 755 2518 925 2602; x_wconf 81' lang='lat' dir='ltr'>gentilium</span> <span class='ocrx_word' id='word_1_171' title='bbox 946 2517 1197 2602; x_wconf 85' lang='lat' dir='ltr'>t&#39;ormandorum,</span> 
     </span>
    </p>
   </div>
   <div class='ocr_carea' id='block_1_3' title="bbox 67 2628 1198 3261">
    <p class='ocr_par' dir='ltr' id='par_1_3' title="bbox 67 2628 1198 3261">
     <span class='ocr_line' id='line_1_21' title="bbox 68 2628 1197 2714; baseline 0.004 -26"><span class='ocrx_word' id='word_1_172' title='bbox 68 2629 113 2691; x_wconf 81' lang='lat' dir='ltr'>sed</span> <span class='ocrx_word' id='word_1_173' title='bbox 137 2631 175 2694; x_wconf 88' lang='lat' dir='ltr'>de</span> <span class='ocrx_word' id='word_1_174' title='bbox 209 2631 346 2714; x_wconf 84' lang='lat' dir='ltr'>siugulis</span> <span class='ocrx_word' id='word_1_175' title='bbox 377 2653 500 2714; x_wconf 89' lang='lat' dir='ltr'>queque</span> <span class='ocrx_word' id='word_1_176' title='bbox 530 2629 712 2692; x_wconf 85' lang='lat' dir='ltr'>uomiuibus</span> <span class='ocrx_word' id='word_1_177' title='bbox 740 2631 823 2694; x_wconf 82' lang='lat' dir='ltr'>Orus</span> <span class='ocrx_word' id='word_1_178' title='bbox 851 2628 1037 2693; x_wconf 79' lang='lat' dir='ltr'>adversatus</span> <span class='ocrx_word' id='word_1_179' title='bbox 1066 2633 1136 2712; x_wconf 88' lang='lat' dir='ltr'>est,</span> <span class='ocrx_word' id='word_1_180' title='bbox 1171 2630 1197 2693; x_wconf 84' lang='lat' dir='ltr'>si</span> 
     </span>
     <span class='ocr_line' id='line_1_22' title="bbox 68 2739 1198 2824; baseline 0.007 -24"><span class='ocrx_word' id='word_1_181' title='bbox 68 2740 213 2804; x_wconf 86' lang='lat' dir='ltr'>credimus</span> <span class='ocrx_word' id='word_1_182' title='bbox 235 2740 393 2823; x_wconf 79' lang='lat' dir='ltr'>Stephani</span> <span class='ocrx_word' id='word_1_183' title='bbox 415 2762 480 2804; x_wconf 89' lang='lat'>11011</span> <span class='ocrx_word' id='word_1_184' title='bbox 504 2739 752 2823; x_wconf 83' lang='lat' dir='ltr'>compendisueti</span> <span class='ocrx_word' id='word_1_185' title='bbox 775 2761 806 2824; x_wconf 90' lang='lat' dir='ltr'>p.</span> <span class='ocrx_word' id='word_1_186' title='bbox 827 2741 897 2822; x_wconf 82' lang='lat'>169,</span> <span class='ocrx_word' id='word_1_187' title='bbox 918 2741 955 2804; x_wconf 90' lang='lat'>13</span> <span class='ocrx_word' id='word_1_188' title='bbox 978 2739 1017 2802; x_wconf 89' lang='lat' dir='ltr'>de</span> <span class='ocrx_word' id='word_1_189' title='bbox 1039 2742 1198 2808; x_wconf 86' lang='grc' dir='ltr'>Δώτιον</span> 
     </span>
     <span class='ocr_line' id='line_1_23' title="bbox 67 2849 1198 2935; baseline 0.004 -25"><span class='ocrx_word' id='word_1_190' title='bbox 67 2849 239 2914; x_wconf 80' lang='lat' dir='ltr'>testimonio</span> <span class='ocrx_word' id='word_1_191' title='bbox 261 2851 359 2914; x_wconf 87' lang='lat' dir='ltr'>variis</span> <span class='ocrx_word' id='word_1_192' title='bbox 381 2851 594 2934; x_wconf 79' lang='lat' dir='ltr'>gravibusque</span> <span class='ocrx_word' id='word_1_193' title='bbox 617 2849 870 2914; x_wconf 83' lang='lat' dir='ltr'>dubitationibus</span> <span class='ocrx_word' id='word_1_194' title='bbox 892 2851 1040 2934; x_wconf 86' lang='lat' dir='ltr'>obnoxio,</span> <span class='ocrx_word' id='word_1_195' title='bbox 1065 2873 1198 2935; x_wconf 71' lang='lat' dir='ltr'>(quarum</span> 
     </span>
     <span class='ocr_line' id='line_1_24' title="bbox 68 2960 1198 3044; baseline 0.001 -22"><span class='ocrx_word' id='word_1_196' title='bbox 68 2960 222 3024; x_wconf 84' lang='lat' dir='ltr'>minimam</span> <span class='ocrx_word' id='word_1_197' title='bbox 246 2965 371 3043; x_wconf 84' lang='lat' dir='ltr'>partem</span> <span class='ocrx_word' id='word_1_198' title='bbox 400 2960 484 3024; x_wconf 89' lang='lat' dir='ltr'>idem</span> <span class='ocrx_word' id='word_1_199' title='bbox 507 2961 560 3024; x_wconf 89' lang='lat' dir='ltr'>ille</span> <span class='ocrx_word' id='word_1_200' title='bbox 588 2961 699 3044; x_wconf 81' lang='lat' dir='ltr'>tetigit</span> <span class='ocrx_word' id='word_1_201' title='bbox 726 2963 875 3026; x_wconf 87' lang='lat' dir='ltr'>Osanuus</span> <span class='ocrx_word' id='word_1_202' title='bbox 897 2983 929 3044; x_wconf 93' lang='lat' dir='ltr'>p.</span> <span class='ocrx_word' id='word_1_203' title='bbox 954 2961 1017 3026; x_wconf 74' lang='lat'>305</span> <span class='ocrx_word' id='word_1_204' title='bbox 1038 2983 1098 3044; x_wconf 85' lang='lat' dir='ltr'>sq,</span> <span class='ocrx_word' id='word_1_205' title='bbox 1129 2961 1198 3024; x_wconf 91' lang='lat' dir='ltr'>nul-</span> 
     </span>
     <span class='ocr_line' id='line_1_25' title="bbox 68 3067 1198 3154; baseline 0.006 -25"><span class='ocrx_word' id='word_1_206' title='bbox 68 3067 122 3132; x_wconf 85' lang='lat' dir='ltr'>lam</span> <span class='ocrx_word' id='word_1_207' title='bbox 142 3070 289 3154; x_wconf 82' lang='lat' dir='ltr'>Heynius</span> <span class='ocrx_word' id='word_1_208' title='bbox 312 3071 347 3134; x_wconf 89' lang='grc'>111</span> <span class='ocrx_word' id='word_1_209' title='bbox 363 3071 473 3136; x_wconf 84' lang='lat' dir='ltr'>Iliadis</span> <span class='ocrx_word' id='word_1_210' title='bbox 497 3071 614 3136; x_wconf 77' lang='lat'><strong>8594:</strong></span> <span class='ocrx_word' id='word_1_211' title='bbox 637 3073 752 3151; x_wconf 81' lang='grc' dir='ltr'>ἐκλήθη</span> <span class='ocrx_word' id='word_1_212' title='bbox 775 3073 809 3136; x_wconf 88' lang='grc' dir='ltr'>δέ</span> <span class='ocrx_word' id='word_1_213' title='bbox 832 3073 964 3138; x_wconf 86' lang='grc' dir='ltr'>Δώτιον</span> <span class='ocrx_word' id='word_1_214' title='bbox 987 3072 1054 3138; x_wconf 85' lang='grc' dir='ltr'>άπὸ</span> <span class='ocrx_word' id='word_1_215' title='bbox 1077 3073 1198 3136; x_wconf 89' lang='grc' dir='ltr'>Λώτου</span> 
     </span>
     <span class='ocr_line' id='line_1_26' title="bbox 67 3179 1198 3261; baseline 0.004 -20"><span class='ocrx_word' id='word_1_216' title='bbox 67 3185 117 3243; x_wconf 81' lang='grc' dir='ltr'>τοῦ</span> <span class='ocrx_word' id='word_1_217' title='bbox 137 3183 306 3258; x_wconf 81' lang='grc' dir='ltr'>Πελαεγοῦ</span> <span class='ocrx_word' id='word_1_218' title='bbox 329 3182 453 3258; x_wconf 68' lang='grc' dir='ltr'>παιδός,</span> <span class='ocrx_word' id='word_1_219' title='bbox 484 3181 530 3246; x_wconf 73' lang='lat' dir='ltr'>abc</span> <span class='ocrx_word' id='word_1_220' title='bbox 552 3183 749 3261; x_wconf 86' lang='grc' dir='ltr'>Ἡρωδιανὸε</span> <span class='ocrx_word' id='word_1_221' title='bbox 772 3183 808 3247; x_wconf 91' lang='grc' dir='ltr'>ἐν</span> <span class='ocrx_word' id='word_1_222' title='bbox 830 3179 872 3261; x_wconf 92' lang='grc' dir='ltr'>η’·</span> <span class='ocrx_word' id='word_1_223' title='bbox 895 3184 1013 3248; x_wconf 86' lang='grc' dir='ltr'>Δώτοε</span> <span class='ocrx_word' id='word_1_224' title='bbox 1035 3183 1054 3248; x_wconf 88' lang='grc' dir='ltr'>ὁ</span> <span class='ocrx_word' id='word_1_225' title='bbox 1075 3183 1198 3248; x_wconf 86' lang='grc' dir='ltr'>Πελαε-</span> 
     </span>
    </p>
   </div>
   <div class='ocr_carea' id='block_1_4' title="bbox 65 3403 1199 4370">
    <p class='ocr_par' dir='ltr' id='par_1_4' title="bbox 65 3403 1199 4370">
     <span class='ocr_line' id='line_1_27' title="bbox 66 3403 1199 3485; baseline 0.004 -22"><span class='ocrx_word' id='word_1_226' title='bbox 66 3405 124 3466; x_wconf 72' lang='lat' dir='ltr'>rou</span> <span class='ocrx_word' id='word_1_227' title='bbox 145 3403 283 3467; x_wconf 84' lang='grc' dir='ltr'>ἐθνικοί(</span> <span class='ocrx_word' id='word_1_228' title='bbox 304 3408 379 3485; x_wconf 81' lang='grc' dir='ltr'>τῇδε</span> <span class='ocrx_word' id='word_1_229' title='bbox 402 3404 532 3483; x_wconf 89' lang='grc' dir='ltr'>γράφει·</span> <span class='ocrx_word' id='word_1_230' title='bbox 554 3405 604 3467; x_wconf 91' lang='grc' dir='ltr'>καὶ</span> <span class='ocrx_word' id='word_1_231' title='bbox 620 3404 660 3468; x_wconf 88' lang='grc' dir='ltr'>τά</span> <span class='ocrx_word' id='word_1_232' title='bbox 674 3405 746 3482; x_wconf 90' lang='grc' dir='ltr'>περὶ</span> <span class='ocrx_word' id='word_1_233' title='bbox 761 3403 904 3483; x_wconf 85' lang='grc' dir='ltr'>Θάμυριν</span> <span class='ocrx_word' id='word_1_234' title='bbox 925 3408 1199 3484; x_wconf 82' lang='grc' dir='ltr'>παριττοροῡντο(</span> 
     </span>
     <span class='ocr_line' id='line_1_28' title="bbox 66 3513 1198 3600; baseline 0.005 -28"><span class='ocrx_word' id='word_1_235' title='bbox 66 3516 116 3574; x_wconf 84' lang='grc' dir='ltr'>τοῦ</span> <span class='ocrx_word' id='word_1_236' title='bbox 142 3517 278 3592; x_wconf 84' lang='grc' dir='ltr'>ποιητοῦ</span> <span class='ocrx_word' id='word_1_237' title='bbox 305 3513 403 3600; x_wconf 84' lang='grc' dir='ltr'>πάλιν</span> <span class='ocrx_word' id='word_1_238' title='bbox 425 3514 570 3579; x_wconf 77' lang='grc' dir='ltr'>Ἡείοδοτ</span> <span class='ocrx_word' id='word_1_239' title='bbox 603 3514 723 3594; x_wconf 84' lang='grc' dir='ltr'>Δωτίῳ</span> <span class='ocrx_word' id='word_1_240' title='bbox 751 3513 786 3578; x_wconf 92' lang='grc' dir='ltr'>ἐν</span> <span class='ocrx_word' id='word_1_241' title='bbox 819 3513 920 3596; x_wconf 85' lang='grc' dir='ltr'>πεδίῳ</span> <span class='ocrx_word' id='word_1_242' title='bbox 952 3515 1064 3594; x_wconf 83' lang='grc' dir='ltr'>φάεκει</span> <span class='ocrx_word' id='word_1_243' title='bbox 1098 3515 1198 3578; x_wconf 87' lang='grc' dir='ltr'>αὐτὸν</span> 
     </span>
     <span class='ocr_line' id='line_1_29' title="bbox 66 3625 1198 3705; baseline 0.005 -23"><span class='ocrx_word' id='word_1_244' title='bbox 66 3627 282 3702; x_wconf 85' lang='grc' dir='ltr'>τετυφλώεθαι.</span> <span class='ocrx_word' id='word_1_245' title='bbox 307 3625 467 3689; x_wconf 84' lang='grc' dir='ltr'>ευντάεεει</span> <span class='ocrx_word' id='word_1_246' title='bbox 487 3625 551 3703; x_wconf 84' lang='grc' dir='ltr'>γάρ</span> <span class='ocrx_word' id='word_1_247' title='bbox 572 3629 670 3688; x_wconf 84' lang='grc' dir='ltr'>τοῦτο</span> <span class='ocrx_word' id='word_1_248' title='bbox 685 3626 754 3688; x_wconf 72' lang='grc' dir='ltr'>τοῖα</span> <span class='ocrx_word' id='word_1_249' title='bbox 774 3627 1088 3705; x_wconf 81' lang='grc' dir='ltr'>διχογραφουμένοιτ</span> <span class='ocrx_word' id='word_1_250' title='bbox 1111 3647 1198 3705; x_wconf 88' lang='grc' dir='ltr'>πριο-</span> 
     </span>
     <span class='ocr_line' id='line_1_30' title="bbox 67 3733 1198 3814; baseline 0.008 -22"><span class='ocrx_word' id='word_1_251' title='bbox 67 3733 210 3798; x_wconf 79' lang='grc' dir='ltr'>τατύποιτ</span> <span class='ocrx_word' id='word_1_252' title='bbox 232 3737 300 3799; x_wconf 87' lang='grc' dir='ltr'>τῶν</span> <span class='ocrx_word' id='word_1_253' title='bbox 322 3735 465 3802; x_wconf 86' lang='grc' dir='ltr'>ἐθνικῶν.</span> <span class='ocrx_word' id='word_1_254' title='bbox 496 3735 607 3811; x_wconf 85' lang='grc' dir='ltr'>ἐπάγει</span> <span class='ocrx_word' id='word_1_255' title='bbox 621 3737 656 3811; x_wconf 86' lang='grc' dir='ltr'>γ’</span> <span class='ocrx_word' id='word_1_256' title='bbox 671 3733 744 3800; x_wconf 82' lang='grc' dir='ltr'>οὖν·</span> <span class='ocrx_word' id='word_1_257' title='bbox 767 3735 891 3814; x_wconf 88' lang='grc' dir='ltr'>οὐγὰρ</span> <span class='ocrx_word' id='word_1_258' title='bbox 913 3735 959 3800; x_wconf 88' lang='grc' dir='ltr'>ώε</span> <span class='ocrx_word' id='word_1_259' title='bbox 980 3737 999 3814; x_wconf 90' lang='grc' dir='ltr'>ἡ</span> <span class='ocrx_word' id='word_1_260' title='bbox 1023 3736 1198 3814; x_wconf 80' lang='grc' dir='ltr'>Χαλκηδών</span> 
     </span>
     <span class='ocr_line' id='line_1_31' title="bbox 66 3843 1198 3925; baseline 0.006 -22"><span class='ocrx_word' id='word_1_261' title='bbox 66 3843 110 3904; x_wconf 86' lang='grc' dir='ltr'>καὶ</span> <span class='ocrx_word' id='word_1_262' title='bbox 131 3845 305 3924; x_wconf 88' lang='grc' dir='ltr'>Καρχηδών</span> <span class='ocrx_word' id='word_1_263' title='bbox 334 3845 384 3910; x_wconf 90' lang='grc' dir='ltr'>καί</span> <span class='ocrx_word' id='word_1_264' title='bbox 411 3845 452 3910; x_wconf 89' lang='grc' dir='ltr'>τά</span> <span class='ocrx_word' id='word_1_265' title='bbox 480 3849 611 3910; x_wconf 85' lang='grc' dir='ltr'>τοιαῦτα</span> <span class='ocrx_word' id='word_1_266' title='bbox 639 3845 771 3921; x_wconf 86' lang='grc' dir='ltr'>λέγεται.</span> <span class='ocrx_word' id='word_1_267' title='bbox 813 3847 832 3922; x_wconf 88' lang='grc' dir='ltr'>ἡ</span> <span class='ocrx_word' id='word_1_268' title='bbox 859 3847 917 3924; x_wconf 80' lang='grc' dir='ltr'>μὲν</span> <span class='ocrx_word' id='word_1_269' title='bbox 939 3848 1003 3925; x_wconf 86' lang='grc' dir='ltr'>γάρ</span> <span class='ocrx_word' id='word_1_270' title='bbox 1025 3848 1077 3911; x_wconf 93' lang='grc' dir='ltr'>διά</span> <span class='ocrx_word' id='word_1_271' title='bbox 1099 3851 1157 3912; x_wconf 84' lang='grc' dir='ltr'>τοῦ</span> <span class='ocrx_word' id='word_1_272' title='bbox 1180 3849 1198 3910; x_wconf 92' lang='grc' dir='ltr'>λ</span> 
     </span>
     <span class='ocr_line' id='line_1_32' title="bbox 66 3954 1197 4036; baseline 0.007 -22"><span class='ocrx_word' id='word_1_273' title='bbox 66 3954 130 4030; x_wconf 87' lang='grc' dir='ltr'>περὶ</span> <span class='ocrx_word' id='word_1_274' title='bbox 156 3956 213 4020; x_wconf 88' lang='grc' dir='ltr'>τὸν</span> <span class='ocrx_word' id='word_1_275' title='bbox 235 3955 384 4032; x_wconf 82' lang='grc' dir='ltr'>Πόντον,</span> <span class='ocrx_word' id='word_1_276' title='bbox 412 3957 491 4034; x_wconf 85' lang='grc' dir='ltr'>ἡδὲ</span> <span class='ocrx_word' id='word_1_277' title='bbox 518 3955 570 4021; x_wconf 92' lang='grc' dir='ltr'>διά</span> <span class='ocrx_word' id='word_1_278' title='bbox 597 3960 655 4020; x_wconf 85' lang='grc' dir='ltr'>τοῦ</span> <span class='ocrx_word' id='word_1_279' title='bbox 678 3977 696 4034; x_wconf 94' lang='grc' dir='ltr'>ρ</span> <span class='ocrx_word' id='word_1_280' title='bbox 718 3955 784 4034; x_wconf 89' lang='grc' dir='ltr'>πρὸ</span> <span class='ocrx_word' id='word_1_281' title='bbox 811 3960 867 4033; x_wconf 76' lang='grc' dir='ltr'>τῆ(</span> <span class='ocrx_word' id='word_1_282' title='bbox 890 3956 1013 4036; x_wconf 71' lang='grc' dir='ltr'>Λιβύης.</span> <span class='ocrx_word' id='word_1_283' title='bbox 1052 3957 1138 4036; x_wconf 84' lang='grc' dir='ltr'>ἡμεῖε</span> <span class='ocrx_word' id='word_1_284' title='bbox 1161 3978 1197 4033; x_wconf 90' lang='grc' dir='ltr'>γε</span> 
     </span>
     <span class='ocr_line' id='line_1_33' title="bbox 66 4063 1198 4150; baseline 0.006 -27"><span class='ocrx_word' id='word_1_285' title='bbox 66 4063 237 4145; x_wconf 87' lang='grc' dir='ltr'>προῦθεμεν</span> <span class='ocrx_word' id='word_1_286' title='bbox 266 4065 424 4132; x_wconf 78' lang='grc' dir='ltr'>δείξαντεε</span> <span class='ocrx_word' id='word_1_287' title='bbox 454 4067 506 4130; x_wconf 89' lang='grc' dir='ltr'>διὰ</span> <span class='ocrx_word' id='word_1_288' title='bbox 533 4068 667 4131; x_wconf 89' lang='grc' dir='ltr'>πολλῶν</span> <span class='ocrx_word' id='word_1_289' title='bbox 703 4072 885 4146; x_wconf 85' lang='grc' dir='ltr'>μαρτυριῶν</span> <span class='ocrx_word' id='word_1_290' title='bbox 914 4067 1026 4146; x_wconf 84' lang='grc' dir='ltr'>ἕτερον</span> <span class='ocrx_word' id='word_1_291' title='bbox 1057 4067 1116 4150; x_wconf 78' lang='grc' dir='ltr'>[τὸ]</span> <span class='ocrx_word' id='word_1_292' title='bbox 1147 4068 1198 4131; x_wconf 87' lang='grc' dir='ltr'>διά</span> 
     </span>
     <span class='ocr_line' id='line_1_34' title="bbox 65 4175 1198 4256; baseline 0.004 -21"><span class='ocrx_word' id='word_1_293' title='bbox 65 4178 118 4236; x_wconf 85' lang='grc' dir='ltr'>τοῦ</span> <span class='ocrx_word' id='word_1_294' title='bbox 140 4197 157 4254; x_wconf 91' lang='grc' dir='ltr'>ρ</span> <span class='ocrx_word' id='word_1_295' title='bbox 180 4176 314 4256; x_wconf 91' lang='grc' dir='ltr'>Δώριον</span> <span class='ocrx_word' id='word_1_296' title='bbox 336 4178 386 4242; x_wconf 91' lang='grc' dir='ltr'>καί</span> <span class='ocrx_word' id='word_1_297' title='bbox 409 4177 521 4256; x_wconf 81' lang='grc' dir='ltr'>ἕτερον</span> <span class='ocrx_word' id='word_1_298' title='bbox 548 4179 586 4242; x_wconf 87' lang='grc' dir='ltr'>τὸ</span> <span class='ocrx_word' id='word_1_299' title='bbox 609 4177 660 4240; x_wconf 91' lang='grc' dir='ltr'>διά</span> <span class='ocrx_word' id='word_1_300' title='bbox 681 4181 740 4240; x_wconf 85' lang='grc' dir='ltr'>τοῦ</span> <span class='ocrx_word' id='word_1_301' title='bbox 762 4197 780 4242; x_wconf 88' lang='grc' dir='ltr'>τ</span> <span class='ocrx_word' id='word_1_302' title='bbox 802 4177 942 4242; x_wconf 89' lang='grc' dir='ltr'>Δώτιον.</span> <span class='ocrx_word' id='word_1_303' title='bbox 987 4175 1126 4240; x_wconf 87' lang='lat' dir='ltr'>Dubium</span> <span class='ocrx_word' id='word_1_304' title='bbox 1149 4181 1198 4240; x_wconf 85' lang='lat' dir='ltr'>est</span> 
     </span>
     <span class='ocr_line' id='line_1_35' title="bbox 68 4279 1197 4370; baseline 0.007 -28"><span class='ocrx_word' id='word_1_305' title='bbox 68 4279 190 4347; x_wconf 86' lang='lat' dir='ltr'>Hesiodi</span> <span class='ocrx_word' id='word_1_306' title='bbox 208 4307 341 4348; x_wconf 86' lang='lat' dir='ltr'>nomon:</span> <span class='ocrx_word' id='word_1_307' title='bbox 365 4287 453 4350; x_wconf 87' lang='lat' dir='ltr'>ouius</span> <span class='ocrx_word' id='word_1_308' title='bbox 476 4286 535 4348; x_wconf 87' lang='lat' dir='ltr'>etsi</span> <span class='ocrx_word' id='word_1_309' title='bbox 551 4287 671 4368; x_wconf 82' lang='grc' dir='ltr'>Δωτίῳ</span> <span class='ocrx_word' id='word_1_310' title='bbox 694 4287 730 4352; x_wconf 89' lang='grc' dir='ltr'>ἐν</span> <span class='ocrx_word' id='word_1_311' title='bbox 753 4287 854 4370; x_wconf 88' lang='grc' dir='ltr'>πεδίῳ</span> <span class='ocrx_word' id='word_1_312' title='bbox 877 4286 973 4349; x_wconf 88' lang='lat' dir='ltr'>verba</span> <span class='ocrx_word' id='word_1_313' title='bbox 996 4286 1112 4350; x_wconf 72' lang='lat' dir='ltr'>Strabo</span> <span class='ocrx_word' id='word_1_314' title='bbox 1134 4309 1197 4350; x_wconf 85' lang='lat' dir='ltr'>ser-</span> 
     </span>
    </p>
   </div>
   <div class='ocr_carea' id='block_1_5' title="bbox 68 4392 1195 4486">
    <p class='ocr_par' dir='ltr' id='par_1_5' title="bbox 68 4392 1195 4486">
     <span class='ocr_line' id='line_1_36' title="bbox 68 4392 1195 4486; baseline 0.007 -34"><span class='ocrx_word' id='word_1_315' title='bbox 68 4393 147 4455; x_wconf 83' lang='lat' dir='ltr'>vavit</span> <span class='ocrx_word' id='word_1_316' title='bbox 163 4392 214 4480; x_wconf 82' lang='lat' dir='ltr'>[fr.</span> <span class='ocrx_word' id='word_1_317' title='bbox 232 4397 272 4458; x_wconf 78' lang='lat'>76</span> <span class='ocrx_word' id='word_1_318' title='bbox 288 4395 408 4460; x_wconf 85' lang='lat' dir='ltr'>Goettl.</span> <span class='ocrx_word' id='word_1_319' title='bbox 426 4396 474 4460; x_wconf 91' lang='lat' dir='ltr'>ed.</span> <span class='ocrx_word' id='word_1_320' title='bbox 492 4396 547 4460; x_wconf 85' lang='lat' dir='ltr'>alt.</span> <span class='ocrx_word' id='word_1_321' title='bbox 567 4397 624 4460; x_wconf 84' lang='lat'>141</span> <span class='ocrx_word' id='word_1_322' title='bbox 643 4395 849 4484; x_wconf 64' lang='lat' dir='ltr'>Marelrsehl,</span> <span class='ocrx_word' id='word_1_323' title='bbox 867 4399 974 4460; x_wconf 78' lang='lat' dir='ltr'>tamen</span> <span class='ocrx_word' id='word_1_324' title='bbox 989 4397 1056 4461; x_wconf 85' lang='lat' dir='ltr'>illio</span> <span class='ocrx_word' id='word_1_325' title='bbox 1071 4398 1195 4486; x_wconf 87' lang='lat' dir='ltr'>quidem</span> 
     </span>
    </p>
   </div>
   <div class='ocr_carea' id='block_1_6' title="bbox 0 0 1492 5140">
    <p class='ocr_par' dir='ltr' id='par_1_6' title="bbox 0 0 1492 5140">
     <span class='ocr_line' id='line_1_37' title="bbox 0 0 1492 5140; baseline 0 1"><span class='ocrx_word' id='word_1_326' title='bbox 0 0 1492 5140; x_wconf 95' lang='lat' dir='ltr'> </span> 
     </span>
    </p>
   </div>
  </div>
 </body>
</html>
