2952 5132
373 357 529 406 monrsu
552 355 904 406 rmmmnssssausrs.
1146 339 1207 404 481

89 509 185 572 codice
206 531 259 572 sno
282 531 340 572 ms.
365 509 568 592 pependerit,
599 510 667 592 ipse
690 513 826 572 testatur
848 509 882 572 in
905 508 1032 592 epilogo
1061 507 1209 572 editionis

88 641 114 701 ρ.
135 621 207 682 nte:
240 621 302 684 ἔετι
325 621 373 684 καὶ
396 621 478 684 ἄλλα
500 621 753 698 ἐπανορθώεεωε
776 621 932 699 δεόμενα,
960 619 1024 684 ὑπὸ
1047 623 1113 684 τῶν
1136 618 1209 697 ἀμε-

87 731 223 808 λέετερον
251 731 301 792 καὶ
329 729 546 810 ῥᾳθυμότερον
575 730 842 810 ἀναγραψάντων
870 731 915 794 ὼε
937 729 1020 793 εἰκόε
1043 735 1210 808 παραφθα-

87 841 187 916 ρέντα,
214 839 295 918 ἅπερ
325 839 505 920 ἀετερίεκου
532 841 700 918 παραθέεει
730 841 998 918 ἐεημειωεάμεθα,
1029 840 1116 920 παρὰ
1144 842 1210 904 τῶν

87 948 275 1028 ἀκριβέετερα
303 950 447 1028 ἐχόντων
470 951 509 1014 τὰ
531 949 712 1030 ἀντίγραφα
741 951 910 1029 θεραπεία(
932 949 1007 1014 leun
1029 950 1209 1027 τευξόμενα.

87 1061 199 1140 τῇγὰρ
225 1060 335 1125 αὐτῶν
366 1060 584 1138 ἐπανορθώεει
617 1061 874 1139 ἐπιχειρήεανταε
907 1060 987 1138 ἡμᾶε
1015 1061 1089 1124 δέρε
1116 1059 1209 1142 εἰεῄει

87 1170 121 1244 μὴ
141 1171 195 1246 τὴν
216 1169 275 1247 ἤδη
303 1173 567 1248 παραφθαρεῐεαν
594 1171 723 1250 γραφὴν
753 1171 805 1234 ἐπὶ
832 1171 870 1234 τὸ
898 1173 1008 1250 χεῖρον
1035 1169 1210 1246 κινήαυμεν

88 1276 151 1359 laic)
172 1279 219 1342 καὶ
235 1279 274 1344 τὸ
291 1281 401 1344 κοινὸν
417 1279 576 1344 παθόντε(
591 1275 693 1345 rideo<
716 1282 863 1359 λάθωμεν
887 1279 961 1362 (sic)
985 1278 1118 1343 ἑαυτοὺς
1141 1278 1210 1344 ἀντὶ

87 1391 259 1466 cinnoma
282 1391 539 1469 παραδιορθωταὶ
560 1390 743 1466 γεγονότεε.

162 1499 263 1580 Atque
287 1497 365 1561 haec
388 1497 552 1562 hactonus,
591 1499 675 1562 Nam
698 1499 725 1562 si
748 1521 810 1582 qua
832 1499 1010 1562 obscuritas
1034 1499 1145 1563 relicta
1169 1499 1211 1562 sit

87 1605 118 1666 dc
134 1605 354 1690 ltoirianornm,
378 1607 583 1690 Venetorum,
609 1607 824 1672 Parisiuorum
846 1609 997 1672 librorum
1020 1608 1209 1682 rationibus,

87 1735 142 1778 non
167 1721 213 1780 est
240 1717 274 1780 id
302 1721 411 1782 nostra
440 1719 533 1800 culpa
560 1719 691 1782 factum.
739 1719 786 1781 Ac
814 1718 925 1782 licebit
952 1719 1138 1802 aliqnando,
1177 1721 1212 1780 nt

87 1845 250 1906 speramus,
281 1827 341 1890 hoc
363 1827 514 1912 quidquid
537 1833 585 1890 est
607 1827 789 1892 detrimenti
814 1849 870 1911 per
893 1828 1016 1892 litteras
1039 1833 1071 1890 et
1093 1829 1211 1892 arnicas

88 1935 265 2000 sciscitando
278 1959 493 2021 compensare.
522 1937 632 2022 Neque
648 1938 743 2018 enim,
758 1943 792 2002 nt
808 1939 867 2002 hoc
883 1938 1009 2018 addam,
1026 1961 1064 2002 cx
1077 1960 1113 2000 eo
1126 1939 1210 2021 quic·

87 2066 169 2126 qnam
180 2047 331 2130 colligere
343 2047 428 2128 licet,
444 2047 528 2130 quod
540 2051 604 2111 tres
616 2048 740 2112 codices
756 2047 931 2112 Vaticanos
942 2049 1058 2112 librum
1072 2049 1207 2130 primum

89 2153 216 2239 Dionysii
250 2143 499 2240 complectentes
529 2157 722 2222 Niebuhrins
755 2161 981 2222 commemorat
1003 2157 1088 2220 Hist.
1120 2157 1209 2220 llum.

88 2261 98 2324 l
121 2286 148 2346 p.
168 2266 229 2330 269
256 2266 307 2330 cd.
329 2267 365 2330 3:
399 2289 460 2350 qno
483 2267 611 2330 nomine
633 2267 708 2350 quid
736 2267 869 2350 impedit
893 2289 954 2350 qno
980 2267 1084 2332 minna
1116 2268 1210 2330 etiam

88 2371 244 2440 l'rbinates
276 2375 575 2460 comprehenderit?
615 2376 838 2458 l‘rogredinun
871 2377 969 2460 igitur
1003 2377 1044 2440 ad
1074 2377 1208 2440 alterum

89 2487 171 2564 caput
190 2490 320 2550 nostrae
342 2485 579 2569 disputationis,
603 2491 638 2550 ut
661 2487 826 2569 explorata
847 2487 1056 2570 singulomm,
1080 2509 1211 2570 qnorum

89 2593 183 2674 copiae
198 2601 326 2678 praesto
341 2599 433 2676 sunt,
458 2596 601 2660 codicum
625 2597 827 2676 condicione,
851 2597 1021 2680 quomodo
1043 2596 1083 2660 ud
1107 2619 1210 2660 emen·

87 2699 194 2768 dandas
217 2704 364 2788 Dionysii
387 2705 605 2790 Antiquitntes
627 2707 673 2769 eis
695 2706 738 2770 sit
760 2704 923 2786 utendum,
947 2705 1209 2772 demonstremus.

88 2813 161 2882 Quae
182 2815 308 2898 quidem
332 2815 563 2880 demonstratio
586 2817 619 2880 in
643 2815 804 2898 (nisiani,
828 2815 995 2878 Vrbinatis
1018 2816 1098 2898 (sive
1123 2815 1210 2879 Vati-

87 2923 148 2984 cani
170 2923 398 3009 nudsoniani),
423 2925 631 3006 Venetormn,
656 2925 794 2990 Parisini
818 2924 1046 3008 Stephanium,
1072 2947 1109 2988 ac
1134 2925 1211 3008 Lapi

88 3026 267 3098 iudicatione
296 3035 522 3099 continebitur.
569 3037 616 3098 Ac
644 3037 755 3099 statim
783 3037 825 3098 ab
854 3035 945 3098 initio
974 3035 1050 3098 licet
1078 3035 1119 3098 ab
1142 3035 1211 3099 reli-

87 3159 205 3218 quamm
226 3145 450 3227 quaestionum
472 3145 625 3208 societate
653 3145 821 3228 seiungere
845 3144 1040 3208 Venetorum
1063 3147 1210 3210 aestima-

87 3247 203 3316 tionem.
248 3254 309 3329 Qui
339 3276 499 3336 perpauca
525 3253 648 3318 habent
676 3255 821 3338 propria,
851 3257 1001 3340 pleraque
1031 3255 1210 3336 contumilia

88 3377 146 3422 cum
169 3361 335 3428 Vrbinate.
382 3363 492 3448 ltaque
521 3365 580 3428 etsi
604 3365 774 3448 Sylburgio
803 3387 867 3428 non
896 3387 968 3428 runi
996 3387 1114 3448 νιιαμιια
1143 3365 1210 3427 nsni

87 3487 149 3532 snus
171 3471 222 3535 ille
241 3472 384 3536 Venetus
408 3473 447 3536 ad
471 3473 694 3558 corrigendum
716 3475 1039 3556 redintegrandumvc
1055 3474 1210 3557 Stephani

87 3581 234 3662 exemplar
261 3583 339 3666 luit,
374 3583 456 3666 qnod
478 3587 639 3647 testantur
667 3585 708 3648 ab
735 3585 790 3648 illo
813 3585 961 3648 restituta
984 3607 1015 3668 p.
1039 3585 1069 3663 2,
1096 3585 1145 3648 17.
1173 3584 1211 3646 19

88 3683 142 3773 tlt-l
158 3693 211 3756 τὰ(
278 3695 565 3774 ἀναγραφομένας,
590 3695 619 3774 7,
637 3695 680 3758 30
700 3694 894 3774 ἀνέγραψεν,
918 3695 948 3773 9,
969 3697 981 3756 l
1008 3697 1098 3774 ὑπὲρ,
1123 3693 1153 3774 9,
1170 3695 1211 3758 32

88 3813 114 3858 τε
134 3799 227 3879 αὐτὴν
250 3804 486 3884 περιλαμβάνω,
510 3807 542 3866 et
564 3803 715 3884 fortasse,
744 3825 935 3888 quamquam
958 3826 1022 3867 non
1046 3804 1211 3866 nominato

87 3899 213 3992 Veneto,
237 3913 269 3976 ol
290 3915 325 3978 δὲ
342 3913 372 3991 l,
393 3913 441 3993 13,
465 3914 603 3992 εἰκοετῆε
623 3917 670 3992 lll,
688 3915 724 3976 8:
747 3917 856 3978 tamen
873 3919 944 3996 puisi
962 3935 1108 3978 excussos
1131 3913 1210 3977 alios

109 4079 159 4087 -·—-
165 4083 185 4088 ...
192 4085 220 4090 ..-

87 4175 250 4232 entecheiden
270 4181 374 4245 lassam
393 4181 429 4234 ob
447 4183 515 4234 abor
533 4181 577 4234 die
590 4179 809 4236 Emomlntionen
829 4186 900 4241 (l'nst
917 4184 961 4236 nic
981 4181 1031 4236 mit
1048 4185 1103 4250 nol
1122 4201 1154 4236 ex
1173 4183 1211 4236 in·

87 4267 158 4327 reno
184 4271 250 4324 oder
273 4291 322 4327 niis
346 4273 422 4328 einer
444 4275 549 4328 andern
574 4275 753 4328 Haudschrilt
776 4276 850 4336 sind.
878 4276 928 4330 dns
949 4278 1022 4330 kann
1045 4276 1095 4328 der
1119 4277 1209 4330 blosse

87 4357 267 4426 Augenschein
285 4367 361 4420 nicht
378 4367 592 4454 euteeheiden.’l

133 4463 172 4498 ra.
192 4467 356 4504 airecanan
375 4470 521 4504 onustans
541 4473 559 4510 r.
968 4457 1007 4519 31
