3052 5136
452 351 612 403 sensura
635 351 807 400 comicia.
1139 332 1201 396 715

70 525 125 568 nec
155 509 289 590 possunt
317 507 381 572 ullo
408 507 501 572 modo
529 506 569 570 ad
597 505 736 570 ionicum
764 524 929 568 nunrerum
957 500 1198 568 accommodari.

70 613 182 680 Eorum
203 616 285 682 baec
307 622 356 682 est
376 617 494 684 forma:

214 848 372 926 μέλπομαι
394 849 535 928 βρύοντα
557 847 689 927 μίτραις.

71 989 196 1073 Aliquot
218 991 285 1056 cius
308 991 394 1055 modi
416 991 567 1056 dimetros
591 991 750 1073 corrigere
773 989 977 1054 Hermaunus
1000 992 1048 1052 est
1070 1010 1199 1073 aggres-

71 1121 118 1161 sus
139 1099 317 1165 Elementis
340 1101 441 1166 doctr.
464 1105 556 1164 metr.
586 1123 617 1184 p.
641 1101 704 1164 485
727 1123 790 1184 sq.;
813 1121 911 1162 unum
933 1101 1039 1162 autem
1062 1103 1200 1182 praeter·

71 1209 161 1292 misit,
185 1211 338 1275 carminis
360 1210 390 1276 V
414 1209 515 1298 [XLII
538 1210 586 1276 ed.
611 1209 753 1298 Bergk]
768 1232 799 1274 v.
825 1209 878 1272 12:

216 1317 362 1426 (ituros
385 1345 455 1413 οὖν
478 1367 515 1426 με
537 1347 588 1412 καὶ
610 1345 726 1426 λυρίῑω

73 1480 116 1544 tut
141 1483 188 1544 est
213 1481 249 1544 in
275 1480 435 1546 Vaticano
459 1482 571 1564 libro),
602 1482 689 1546 cuius
711 1481 949 1544 deformitatem
971 1479 1099 1544 abluere
1121 1480 1201 1543 frus-

75 1594 118 1652 tra
140 1593 273 1654 conatus
295 1595 344 1654 cst
365 1591 391 1656 I.
417 1591 456 1656 D.
481 1592 663 1676 Icnnepius
686 1590 947 1656 adnotationibus
969 1590 1009 1654 ad
1033 1589 1202 1656 Coluthum

73 1720 100 1781 p.
123 1701 139 1764 7
162 1699 196 1764 in
219 1701 304 1765 hanc
327 1703 481 1786 speciem:

215 1838 397 1919 ετεφώμεθ’
418 1838 488 1905 οὖν.
533 1839 670 1918 troilum
691 1874 743 1921 -,

74 1987 285 2074 immeritoque
313 2013 478 2056 assensum
505 1991 579 2056 tulit
609 1984 774 2056 Bumckii.
820 1989 1001 2073 Numquam
1029 1989 1114 2054 euim
1137 2010 1203 2052 vcr-

74 2121 156 2162 suum
186 2099 475 2166 Anacreontiorum
503 2101 683 2165 anacrusirn
713 2101 746 2164 in
774 2123 837 2164 uno
865 2100 1005 2164 camriue
1027 2100 1203 2182 promiscue

73 2209 186 2272 factam
219 2231 287 2274 esse
319 2211 412 2276 modo
446 2233 484 2274 cx
513 2211 634 2274 duabus
661 2209 754 2274 modo
782 2233 820 2274 ex
850 2232 915 2273 unu
947 2209 1035 2272 brevi
1068 2209 1201 2292 syllaba,

73 2319 144 2382 satis
167 2318 259 2384 bodie
283 2321 481 2404 exploratum
503 2325 560 2384 est.
599 2319 770 2384 Praeterea
785 2321 845 2386 καί
867 2319 1024 2403 particula
1039 2341 1104 2382 non
1120 2317 1203 2382 vide-

74 2449 136 2492 mur
159 2451 266 2494 carere
288 2451 395 2514 posse:
432 2429 511 2494 haec
534 2431 619 2494 enim
643 2453 713 2494 curn
734 2431 956 2514 perspicuitati
979 2428 1204 2494 concinnitati-

73 2560 127 2620 que
148 2541 302 2604 orationis
326 2541 517 2604 couveniens
541 2545 605 2624 est,
634 2545 701 2604 tum
725 2541 885 2604 stabilitur
913 2539 944 2603 ri
968 2537 1204 2604 consuetudinis

74 2647 105 2710 in
126 2649 184 2713 hoc
204 2671 322 2734 genere
343 2651 503 2734 loquendi.
535 2651 774 2716 Sententiarum
797 2655 903 2714 autem
925 2672 1025 2714 nexus
1047 2650 1114 2712 fere
1130 2672 1204 2712 eon-
1236 2653 1239 2662 '

74 2756 187 2822 tinetur
208 2758 345 2843 quadam
369 2761 622 2844 comparatione,
646 2783 727 2844 quae
750 2761 795 2824 sic
818 2759 1011 2825 instituitur:
1034 2772 1066 2824 ut
1090 2765 1204 2840 Cupido

75 2875 144 2932 rosis
171 2885 332 2936 coronatus
359 2877 451 2936 salto!
483 2893 548 2936 cum
584 2877 710 2949 Gratiis,
747 2879 790 2935 ita
818 2893 874 2952 eqo
900 2893 1017 2951 qaoque
1043 2881 1205 2935 coronatas

73 2983 199 3044 rotrodo:
234 2979 317 3064 quod
339 2981 469 3044 effertur
488 2981 694 3066 imperativo:

217 3109 422 3190 ετεφάνου
444 3130 503 3191 με,
527 3111 587 3174 καὶ
609 3109 780 3190 λυρίζων

217 3219 305 3299 παρὰ
327 3222 404 3294 coit,
426 3219 583 3296 Δεύνυεε,
605 3223 709 3298 coroa

217 3329 294 3408 μετὰ
316 3329 433 3410 κούρη(
456 3330 659 3409 βαθυκόλπου

218 3437 374 3517 ῥοδίνοιει
395 3439 612 3519 ετεφανίεκοιε

218 3548 460 3627 πεπυκαεμένοε
482 3550 668 3628 χορεύεω.

76 3686 122 3750 lta
144 3689 225 3754 euim
253 3691 333 3755 haec
356 3691 472 3776 corrigi
501 3693 646 3756 existimo
674 3694 737 3755 arti
760 3692 1000 3756 convenientius
1023 3713 1119 3774 quam
1141 3693 1205 3756 fac-

76 3799 139 3860 tum
160 3803 206 3864 est
228 3801 269 3864 ab
285 3801 394 3885 Anglo
416 3801 552 3886 quodam
574 3801 702 3866 homine
726 3801 770 3889 [et
792 3803 879 3886 prius
902 3801 1053 3866 aBothio
1069 3801 1206 3866 ‘Grund-

77 3913 151 3990 ziige
172 3909 226 3972 der
248 3909 380 3976 Metrik'
402 3933 434 3994 p.
453 3912 518 4000 331,
544 3912 630 3976 cuius
653 3913 777 3976 monitu
800 3913 919 3993 (τέψον
941 3935 980 3992 με
1002 3935 1027 3976 κ.
1050 3915 1077 3977 λ.
1100 3913 1206 3996 posuit

78 4013 287 4084 Mehlbornius
316 4024 443 4086 nostras
470 4021 687 4106 Antholoffl'ae
716 4023 835 4106 lyricae
861 4045 894 4106 p.
918 4023 969 4086 93.
1014 4022 1063 4086 De
1086 4023 1206 4086 littera-

77 4144 140 4188 rum
166 4131 400 4212 permutatione
428 4137 509 4212 met
531 4155 573 4213 ψ,
603 4153 623 4196 α
646 4137 677 4196 et
700 4155 719 4198 o
747 4133 826 4198 dicis
855 4153 966 4196 caussa
996 4154 1206 4196 commemoro
1225 4155 1257 4204 22

77 4229 172 4300 Bastii
195 4238 371 4304 Commeat.
395 4241 623 4326 palaeograph.
646 4264 678 4326 p.
697 4243 757 4308 737
781 4246 813 4307 et
827 4241 979 4306 Iobcckii
1001 4241 1145 4328 Parerga
1167 4244 1207 4306 ad

78 4340 284 4430 Phrynichum
306 4373 338 4434 p.
363 4350 435 4414 941.
459 4387 502 4400 -
523 4351 678 4416 Revertor
701 4352 740 4416 ad
764 4353 853 4417 illum
874 4375 968 4438 quem
992 4354 1087 4440 attigi
1111 4358 1208 4420 antea
