3052 5136
488 385 649 432 senoina
673 385 845 432 hamtona.
1180 370 1233 435 lt}

101 541 308 605 recentiorum
332 539 553 624 interpretum.
598 540 705 624 Atque
733 527 813 624 quae
841 539 1033 604 scholiastae
1060 539 1238 603 comminis-

101 653 212 714 cuntur
232 650 451 735 ineptissime,
475 651 615 714 refutare
637 649 719 714 nihil
741 671 820 734 opus
843 654 900 714 est.
931 651 1036 724 Quare
1058 647 1238 713 Brunckius

100 764 252 824 commate
280 760 429 824 distinxit
455 761 536 840 γυνή
563 781 681 824 nomen
709 783 728 823 a
757 759 926 844 proxima,
960 759 1169 844 laudaturque
1197 761 1238 824 ab

101 870 287 936 Wellauero.
334 872 379 934 At
402 891 475 934 vero
504 870 587 954 quod
610 870 649 934 do
672 875 746 936 παῖε
768 893 844 934 voco
868 869 1095 934 eonnnonitum
1126 874 1174 933 est
1196 870 1238 934 ab

99 981 237 1066 Reisigio
260 1002 374 1046 comm.
399 981 469 1044 crit.
494 979 528 1044 in
550 980 628 1044 Oed.
653 979 719 1046 ool.
744 1003 775 1063 p.
799 981 872 1061 211,
896 980 979 1044 idem
1002 979 1053 1044 aio
1075 979 1188 1044 eadere
1203 981 1237 1044 in

97 1091 193 1172 Ζεύτ,
216 1092 316 1175 ἀνήρ,
344 1092 424 1170 γυνή
447 1090 596 1172 nomina,
631 1091 743 1175 quibua
773 1090 909 1154 forsitan
942 1089 1005 1154 alia
1035 1090 1158 1173 possint
1184 1090 1237 1153 acl-

97 1202 201 1286 iungi:
231 1223 406 1285 numquam
428 1201 513 1264 enim
536 1200 904 1294 illommpnominntivus
932 1199 966 1263 in
994 1200 1237 1284 compellatione

95 1315 264 1396 cisurpatns
288 1315 346 1374 est.
392 1311 488 1376 thius
510 1310 556 1374 rei
578 1312 662 1374 hano
685 1311 827 1393 suspicor
850 1331 994 1373 caussam
1016 1310 1130 1392 fuisse,
1155 1309 1237 1394 quod

95 1425 167 1504 παῖ,
190 1423 270 1504 Ζεῦ,
295 1421 395 1504 ὦνερ,
425 1421 519 1498 γύναι
542 1419 680 1485 vocativi
701 1419 826 1504 vulgari
850 1419 1084 1484 semioeinnndi
1108 1443 1236 1484 eonsue-

96 1531 216 1596 tudine'
233 1531 312 1594 caleo
339 1530 571 1612 invaluissent,
607 1533 643 1594 ut
672 1530 756 1594 istud
789 1529 940 1594 novitatis
967 1529 1107 1594 studium
1135 1553 1175 1593 ne
1203 1529 1237 1594 in

95 1644 188 1724 poeta
223 1640 350 1724 quidem
385 1641 583 1724 probaretur.
630 1639 740 1724 ltaque
775 1639 834 1703 hae
867 1662 905 1702 ex
938 1643 1028 1724 parte
1063 1639 1237 1702 consultior

95 1749 277 1814 Wellauero
309 1751 372 1814 fnit
406 1749 638 1814 Blomfieldius:
676 1749 752 1814 lieet
785 1749 856 1830 ille,
892 1753 927 1812 nt
959 1749 1027 1813 lere
1060 1749 1234 1830 coctsuevit,

94 1860 213 1924 ‘male’
237 1860 363 1944 inquiat
378 1859 608 1924 ‘Blomfieldius
631 1863 771 1936 γῦναι.’
793 1860 853 1924 Sed
877 1881 918 1924 ne
941 1859 1135 1944 sicquidem
1158 1861 1235 1923 satis

93 1971 214 2034 factum
237 1973 301 2034 est:
325 1973 455 2033 namet
478 1969 643 2034 collocatio
666 1969 832 2033 verborum
855 1969 1003 2053 displicet
1020 1970 1233 2050 vehementer,

92 2083 122 2142 cl
147 2080 212 2143 veri
234 2102 348 2164 parum
371 2079 473 2143 similo
503 2083 550 2142 est
578 2080 689 2143 tritum
718 2085 751 2143 et
780 2083 990 2164 pervagatum
1018 2081 1112 2156 γύναι
1145 2103 1234 2144 coca·

93 2191 191 2252 tietun
216 2211 403 2253 conversum
427 2214 445 2253 a
468 2189 607 2252 librariis
630 2213 698 2252 esse
722 2189 753 2252 in
777 2191 857 2269 γυνή
881 2191 1032 2272 formam,
1066 2190 1153 2254 cuius
1175 2189 1232 2253 dil'-

92 2299 251 2363 tieillimus
293 2304 375 2363 esset
413 2298 604 2363 intellectae.
650 2299 852 2383 Quapropter
885 2323 949 2364 non
985 2299 1095 2364 ‹lnlnito
1133 2299 1234 2364 hance

92 2409 314 2474 commendare
336 2409 495 2473 scribendi
518 2409 672 2491 speeiem:

241 2581 409 2660 πειθαρχία
430 2579 493 2658 γάρ
515 2580 577 2644 ten
599 2583 656 2657 τῆ(
677 2579 847 2658 εὐπραξία(

241 2689 357 2770 μήτηρ,
380 2689 498 2770 τύχη(
520 2693 702 2768 εωτῆτο(
724 2725 780 2770 -‚

91 2857 172 2938 quod
207 2856 253 2920 sic
289 2857 424 2940 pictum:
462 2863 743 2921 ΤΥΧΗΕΕΩΤΗΡΟΕ
782 2857 876 2920 facile
915 2857 1159 2922 conveniebatur
1198 2857 1232 2920 in

95 2974 359 3030 ΓΥΝΗΕΩΤΗΡΟΕ.
404 2965 568 3030 Vertenda
595 2965 651 3030 illa
674 2967 708 3031 in
736 2966 819 3030 hano
848 2967 1020 3030 rationem:
1048 2974 1234 3032 oboedientia

92 3082 167 3138 enim
203 3090 300 3140 mater
336 3088 380 3140 cst
411 3081 642 3156 prosperitatis,
689 3083 833 3155 siquidem
870 3083 1050 3142 adiuvantur
1088 3081 1232 3154 sorttnm.

91 3182 287 3268 (lcmmquam
316 3207 382 3250 non
410 3185 518 3250 nescio
551 3185 647 3249 etiam
682 3185 776 3248 eliam
804 3186 963 3270 (quandam
991 3190 1101 3270 petere
1134 3187 1231 3250 iuter-

91 3294 240 3375 pretandi
263 3295 358 3358 vium.
403 3295 496 3358 Illam
520 3299 626 3358 autem
649 3295 905 3359 emendationem
934 3296 967 3359 in
991 3301 1130 3360 mentem
1152 3297 1232 3360 mihi

91 3404 215 3468 vocavit
235 3403 401 3487 Sophoclis
424 3405 518 3468 ilhul:
542 3405 568 3468 εἰ
589 3407 650 3484 γὰρ
673 3405 709 3469 ἐν
732 3406 827 3488 τύχῃ
849 3407 886 3481 γε
907 3428 953 3490 τῳ
977 3411 1121 3486 τωτήρι
1145 3409 1230 3486 βαίη

90 3513 203 3597 Oedipi
226 3513 325 3598 Regis
348 3537 378 3578 v.
402 3517 453 3596 81,
477 3535 611 3598 quocum
627 3513 793 3578 contendit
815 3514 879 3577 iam
894 3514 1063 3580 Elmsleius
1080 3517 1229 3600 Aeschyli

90 3622 342 3706 Agamemnonis
365 3646 394 3687 v.
411 3625 489 3688 664:
511 3625 605 3703 τύχη
622 3627 656 3688 δὲ
678 3628 803 3704 εωτὴρ
826 3630 906 3690 ναῦν
930 3628 1067 3691 ττελοῦδ
1087 3629 1230 3707 ἐφέζετο.

89 3729 303 3816 [Propositum
325 3737 401 3797 ante
423 3732 594 3816 septimum
609 3733 744 3796 lustrum
762 3734 1017 3798 emendationem
1032 3737 1129 3800 etiam
1144 3760 1230 3802 nunc

88 3841 181 3906 teneo
204 3844 355 3927 tneorque
382 3847 418 3907 ut
443 3843 508 3906 veri
531 3842 628 3927 longe
655 3842 849 3908 simillimam
878 3845 1020 3909 omnium
1047 3869 1128 3930 quae
1157 3851 1230 3930 post

89 3955 161 4016 sunt
182 3951 337 4035 prolatae.
370 3951 533 4037 liquibus
555 3951 833 4018 Hermannianum
855 3961 976 4034 γονῆε
999 3961 1141 4037 τωτῆροε
1164 3979 1228 4021 non
1267 4009 1271 4018 ,

90 4081 215 4140 possum
239 4061 317 4126 satis
339 4061 447 4126 ncireri
471 4062 591 4146 aliquot
619 4063 757 4126 eironnn
786 4063 902 4127 iudicio
926 4065 1099 4130 valentium
1122 4089 1229 4130 assen-

90 4189 156 4232 sum
178 4170 313 4260 tulisse]

555 4353 758 4362 u—-u
