2976 5140
447 389 495 438 nu
517 389 588 436 oso
611 389 656 436 nr
678 389 820 436 0111010.
1144 371 1205 435 611

88 545 117 606 01
135 541 245 607 discere
267 565 284 606 e
307 531 424 607 Sturzii
453 541 559 606 indice
587 541 678 626 lieet,
708 541 825 606 eisdem
854 540 1000 606 adhibuit
1028 539 1206 624 simplicem

87 651 192 716 citandi
218 651 384 716 rationem.
430 653 479 718 Ac
506 675 547 716 ne
570 652 640 736 quis
667 652 727 716 hoc
745 651 900 736 *profecto
928 651 1055 714 licuisse
1077 672 1206 733 respon-

86 761 163 844 deat,
193 783 251 827 nee
277 763 349 846 plus
377 785 468 846 posse
496 763 751 846 argumentando
786 763 873 846 cogi,
908 783 1003 847 quam
1031 761 1065 824 in
1092 761 1206 845 quibus

86 870 161 934 libris
186 871 348 956 quippiam
375 893 408 936 se
435 873 614 956 repperisse
647 873 716 956 ipse
749 871 798 936 vel
833 871 930 936 semel
961 875 1113 953 testetur,
1148 871 1205 936 hos

86 985 158 1044 certe
178 982 217 1045 ab
238 1003 276 1046 eo
299 983 397 1046 lectos
420 1005 500 1066 esse,
522 1005 590 1058 non
613 982 701 1066 item,
731 983 770 1046 de
792 982 905 1067 quibus
927 981 1009 1046 nihil
1032 981 1098 1046 eius
1120 981 1206 1045 modi

86 1093 213 1175 testetur,
235 1115 302 1156 non
320 1093 433 1158 lectos:
456 1093 535 1157 illud
558 1093 710 1178 cogitate,
735 1115 816 1177 quae
831 1093 952 1178 reliqua
968 1092 1034 1156 sint
1049 1092 1204 1175 exempla,

85 1220 116 1264 ea
139 1201 175 1266 ad
202 1203 445 1267 commentarios
473 1203 581 1268 omnia
608 1203 770 1288 pertinere
797 1203 831 1266 in
853 1205 973 1286 [poetas
1001 1201 1137 1286 scriptos
1165 1202 1206 1266 ab

84 1308 189 1392 ignotis
209 1312 402 1377 hominibus.
447 1313 493 1376 At
513 1335 588 1378 vero
611 1337 682 1378 cum
704 1337 770 1378 non
793 1313 889 1378 liceat
912 1312 1109 1376 nominativo
1133 1333 1207 1376 casu

83 1420 150 1484 satis
172 1423 332 1487 commode
355 1423 401 1488 sic
423 1423 524 1508 loqui:
556 1425 660 1490 οὕτω(
683 1425 852 1505 ὑπόμνημα
873 1423 917 1488 εἰ(
939 1425 997 1504 τὴν
1014 1423 1207 1501 Ὀδύεεειαν,

83 1551 164 1611 quern
178 1533 215 1596 ad
230 1533 360 1597 modurn
383 1535 488 1600 οὕτω(
503 1535 712 1615 Ἡρωδιανὸς,
735 1557 772 1598 ea
788 1554 822 1596 re
836 1533 958 1596 laetum
973 1537 1022 1598 est
1043 1537 1079 1597 ut
1102 1533 1207 1615 aliquo

84 1639 195 1704 1111101110
218 1665 290 1707 eum
313 1643 434 1728 reliqua
450 1645 593 1709 oratione
609 1645 701 1708 istius
717 1643 802 1708 modi
817 1643 1001 1707 testimonia
1016 1643 1205 1728 ligarentur.

82 1745 156 1814 Hinc
176 1751 276 1836 igitur
298 1757 357 1837 est,
381 1754 463 1838 quod
486 1778 518 1838 p.
541 1755 572 1837 3,
601 1755 638 1818 12
663 1755 798 1839 legimus
821 1755 925 1820 οὕτω(
948 1755 984 1820 ἐν
1007 1754 1208 1832 ὑπομνήματι

83 1859 298 1941 Ἀνακρέοντο(
321 1864 435 1944 εὗρον,
457 1865 589 1949 parique
612 1865 704 1928 modo
728 1865 842 1928 citatos
870 1864 904 1927 in
927 1863 1102 1947 Odysseam
1125 1885 1207 1926 00111-

81 1973 240 2036 mentarios
263 1995 295 2057 p.
321 1975 356 2055 8,
380 1975 431 2039 22.
455 1975 491 2056 9,
515 1975 550 2058 2,
575 1975 610 2038 in
631 1975 765 2038 Iliadem
787 1997 818 2058 p.
842 1975 899 2056 52,
923 1975 953 2038 9.
978 1975 1035 2056 98,
1062 1974 1111 2038 12.
1136 1973 1207 2054 166,

80 2079 123 2161 29,
145 2080 177 2144 in
199 2081 375 2147 Homerum
398 2106 429 2167 p.
452 2085 523 2166 151,
538 2086 590 2168 35,
615 2085 649 2148 in
672 2085 922 2168 Aristophanem
943 2107 975 2167 p.
996 2085 1044 2164 19,
1061 2085 1092 2148 5.
1117 2085 1147 2164 8,
1166 2084 1208 2146 24

80 2189 139 2265 tubi
165 2193 230 2256 noli
258 2193 298 2257 de
321 2193 506 2258 Aristonico
534 2195 707 2280 cogitare),
735 2194 771 2258 in
797 2194 905 2258 nescio
932 2215 1010 2277 quos
1037 2215 1069 2276 p.
1092 2193 1150 2273 54,
1176 2193 1206 2256 8.

78 2297 122 2378 55,
143 2301 192 2366 20.
220 2304 292 2385 111,
317 2303 347 2366 9.
378 2301 507 2378 Quanta
530 2307 637 2368 autem
659 2303 692 2368 in
715 2303 775 2368 hoe
797 2326 916 2389 genere
938 2301 1108 2366 securitate
1131 2301 1207 2365 alio-

79 2427 139 2472 rum
159 2432 313 2494 personas
342 2417 464 2478 veteres
493 2413 656 2478 induerint
678 2415 897 2498 grammatici,
927 2413 1117 2478 documento
1140 2433 1207 2476 esse

78 2515 203 2603 diligens
226 2523 366 2606 scriptor
387 2523 520 2588 Photius
543 2528 663 2608 potest:
688 2525 758 2588 vide
781 2525 942 2590 Dobreum
963 2523 1074 2587 Indice
1096 2522 1206 2605 script.

78 2647 104 2708 p.
120 2629 186 2694 191.
217 2631 343 2698 Eodem
358 2633 414 2698 illa
436 2633 600 2718 pertinent
621 2633 838 2718 Etymologici
855 2633 995 2698 Gudiani
1009 2657 1042 2717 p.
1059 2633 1133 2716 586,
1149 2632 1206 2696 311

77 2739 172 2807 οὕτω(
193 2744 259 2819 ἐγὼ
284 2744 409 2809 Φώτιο(
431 2745 450 2809 ὁ
473 2745 686 2826 πατριάρχης,
720 2743 759 2808 de
786 2744 901 2828 quibus
930 2753 963 2807 et
985 2743 1136 2824 barbare,
1172 2745 1208 2804 ut

77 2849 162 2932 solet,
195 2852 453 2936 Kulenkampius
482 2858 713 2918 commentatus
742 2858 790 2918 est
818 2853 909 2938 Spee.
940 2852 1064 2918 emend.
1094 2855 1126 2916 et
1153 2852 1207 2915 ob-

76 2979 148 3023 serr.
172 2961 205 3026 111
228 2962 338 3046 Etym.
363 2963 407 3028 M.
431 2987 462 3048 p.
487 2963 598 3028 XXIII
621 2963 670 3028 ed.
694 2945 815 3047 Stura,
837 2985 898 3028 nee
919 2966 956 3028 111
977 2983 1043 3028 non
1066 2961 1208 3047 paullum

76 3067 225 3136 aberrarit
247 3071 288 3136 de
311 3075 398 3137 reeta
421 3073 483 3138 via.

151 3179 261 3246 Vnum
284 3187 400 3266 restat,
435 3185 659 3250 difficillimum
682 3185 804 3249 habens
827 3185 1036 3268 explicatum,
1068 3185 1119 3265 ut,
1153 3203 1209 3246 cur

76 3295 256 3356 constanter
279 3293 336 3358 Ori
364 3315 480 3358 nornen
503 3295 579 3360 Orio
608 3291 786 3380 reticuerit,
816 3295 1004 3359 declaretur.
1050 3295 1095 3357 At
1123 3315 1207 3376 veru,

76 3399 161 3464 audio
182 3402 339 3487 quosdam
361 3405 589 3488 vociferantes,
619 3406 746 3470 istieine
768 3427 868 3470 novus
891 3409 939 3469 est
961 3427 1029 3468 mos
1050 3425 1208 3488 gramma·

74 3507 203 3576 ticomm
226 3520 334 3576 alierrr's
348 3519 434 3580 bouis
446 3521 617 3594 scortandi,
636 3517 791 3580 bonorum
806 3519 913 3578 autem
930 3515 1072 3598 origines
1095 3511 1208 3578 callide

76 3620 218 3685 celandi?
263 3622 373 3686 Novus
401 3624 527 3708 quidem
555 3625 615 3690 iste
637 3625 784 3708 minime,
813 3647 873 3689 nec
896 3625 988 3689 nobis
1010 3646 1126 3706 novus,
1154 3622 1209 3707 qui

73 3729 195 3796 uberius
210 3732 251 3798 de
266 3733 322 3796 illo
337 3733 576 3798 disseruerimus
593 3735 676 3801 Prol.
694 3736 729 3800 in
744 3735 899 3800 Thomam
914 3735 958 3800 M.
976 3758 1007 3818 p.
1020 3733 1123 3798 XLVI
1139 3755 1207 3818 sqq.

74 3836 209 3906 Thomae
234 3843 308 3908 addi
330 3847 404 3927 post
425 3845 544 3909 Rankii
567 3845 799 3930 disputationes
823 3845 876 3931 (de
899 3845 1060 3930 Hesychio
1082 3867 1113 3928 p.
1138 3844 1207 3908 123.

75 3950 141 4034 126,
166 3953 207 4017 78
231 3975 278 4037 sq.
303 3954 343 4018 98
366 3977 413 4038 sq.
441 3955 499 4020 118
522 3959 584 4039 sq.)
607 3960 741 4039 possunt
763 3957 859 4041 longe
881 3957 1039 4040 longeque
1061 3955 1115 4018 illo
1137 3976 1209 4038 gra-

72 4058 170 4126 viores
193 4063 381 4147 Pamphilus
405 4069 435 4128 et
458 4067 658 4148 Athenaeus,
682 4069 788 4150 potest
811 4065 908 4150 ipsius
931 4065 1038 4130 Photii
1061 4064 1207 4147 lexieum,
1227 4083 1260 4131 34

73 4173 196 4235 ecuius
218 4173 411 4239 testimoniis
439 4175 508 4260 quis
531 4176 661 4239 tandem
692 4179 896 4260 assequetur,
927 4165 959 4239 id
987 4173 1070 4260 quod
1098 4195 1210 4258 perop-

71 4285 207 4363 portune
231 4283 306 4348 lieet
328 4306 366 4349 ex
389 4285 561 4350 Eustathio
583 4287 812 4372 demonstrare,
836 4287 965 4371 integra
987 4285 1028 4350 ab
1050 4285 1106 4349 illo
1128 4284 1209 4349 Pau·

73 4391 179 4458 saniae
209 4395 244 4460 et
264 4395 350 4460 Aelii
372 4395 518 4480 Dionysii
547 4396 650 4462 lexica
677 4398 873 4483 transcripte
901 4417 969 4462 esse
1002 4396 1209 4484 praestantis-
