2954 5134
357 379 516 430 nrorrsn
536 376 889 428 unnrcnnunssnnsrs.
1134 357 1199 426 529

78 533 157 597 semel
174 553 301 616 moneo,
331 533 386 597 nbi
409 534 460 618 (ut
481 531 548 617 hio)
576 531 616 596 de
643 537 673 596 B
693 530 818 596 diversa
844 526 895 596 vel
923 529 1086 594 contraria
1108 529 1196 594 Hud-

77 641 193 706 sonianis
214 643 408 708 testimoniis
430 664 449 706 a
470 664 522 706 me
544 645 727 724 narrentur,
750 641 782 705 id
804 662 871 704 non
886 641 990 726 magis
1012 661 1063 704 me
1087 639 1196 704 dedita
1226 671 1235 682 ·

76 771 154 834 opera
181 773 439 828 commemorare
460 773 556 836 quam
582 751 637 816 ubi
670 751 709 814 de
736 751 935 840 gravissimis
967 772 1062 835 saepe
1097 751 1196 835 scrip-

75 865 147 924 tume
165 861 386 946 discrepantiis
408 862 494 926 illius
515 861 633 927 codicis
659 860 744 925 idem
759 859 932 925 Hudsonua
952 881 1081 944 prorsus
1095 863 1193 926 tacet.

76 1007 109 1018 —
126 969 235 1046 Quater
256 993 314 1056 per
332 971 479 1056 Dionysii
501 971 723 1056 Antiquitates
745 971 780 1035 in
802 971 893 1036 libris
915 969 1062 1034 omnibus
1084 970 1196 1034 obscu-

79 1085 165 1146 ratum
184 1086 233 1146 est
254 1103 372 1146 nomen
393 1088 509 1146 solinus
523 1082 574 1146 vel
589 1101 687 1161 equos
700 1087 797 1146 εαῖιαε
811 1081 1013 1166 significans,
1038 1081 1074 1146 αἱ
1095 1081 1197 1160 ἀλαί,

77 1191 157 1253 semel
176 1190 223 1274 Π,
246 1191 289 1256 55
310 1213 343 1274 p.
366 1191 430 1256 353
451 1189 561 1255 Reislr.
587 1188 671 1278 [180,
697 1191 736 1280 16
758 1189 828 1278 Κ.],
851 1193 902 1254 ter
923 1190 982 1268 111,
1003 1192 1043 1254 41
1067 1213 1099 1273 p.
1122 1190 1196 1254 528.

74 1297 124 1361 529
150 1295 236 1386 [279,
266 1300 297 1365 3.
321 1301 352 1364 6.
377 1301 394 1366 ’ί
418 1299 473 1386 K]
517 1299 582 1364 Vbi
608 1321 667 1384 pro
695 1299 843 1382 ἄλλων,
876 1299 1028 1376 ἄλλοις,
1062 1299 1198 1378 ἄλλος,

75 1427 138 1488 quos
152 1409 309 1494 simplices
325 1409 522 1493 corruptelas
537 1415 595 1474 AB
608 1413 737 1492 tenent,
758 1408 978 1492 reponendum
993 1431 1061 1474 esse
1083 1411 1127 1474 ἀλ
1136 1413 1198 1486 ιῖιν,

74 1515 187 1596 ιῖλαῖς,
209 1519 306 1584 ἁλάς
328 1519 393 1584 iam
416 1519 568 1584 Gelenius
590 1517 841 1604 Sylburgiusque
863 1518 1021 1582 viderunt.
1059 1517 1199 1595 Quarum

75 1625 163 1690 medio
188 1628 364 1694 formarum
391 1629 547 1712 mtendit,
577 1651 672 1714 quam
700 1633 787 1694 recte
814 1632 925 1693 nostra
950 1628 1103 1692 memorio
1131 1627 1199 1712 qui·

74 1733 134 1798 darn
154 1737 190 1801 de
212 1738 303 1817 ἅλες,
331 1737 411 1804 ἅλας
435 1739 622 1823 cogitarint:
650 1740 686 1804 in
713 1739 826 1823 quibus
851 1738 969 1802 nollem
991 1737 1199 1822 prudentissi·

75 1864 145 1908 num
165 1848 301 1912 amicum
324 1846 471 1912 Rostium
498 1871 604 1912 meum
632 1869 711 1913 esse.
756 1847 838 1924 Quid
860 1851 966 1912 autem
990 1847 1093 1912 CDP‘?
1136 1847 1198 1912 Pro

71 1955 116 2018 τὰς
141 1956 236 2022 ἄλλος
264 1957 299 2022 in
328 1957 394 2040 ΠΙ,
422 1958 462 2022 41
493 1957 542 2022 bis
570 1958 724 2024 exhibent
749 1959 813 2024 τὰς.
833 1957 955 2024 ἄλλας
983 1959 1128 2024 πόλεις.
1156 1996 1198 2007 -

21 2123 25 2134 .
71 2061 133 2128 Sine
161 2068 225 2132 ιιίλα
258 2071 294 2130 ut
326 2067 452 2132 videtur
479 2067 647 2133 Vrbinatis
682 2069 798 2134 oodicis
829 2067 946 2132 lacuna
973 2067 1014 2150 V,
1043 2069 1085 2133 34
1118 2069 1198 2133 baec

70 2171 220 2256 leguntur:
250 2181 341 2258 δώρα
366 2185 404 2262 τῇ
433 2180 528 2245 πόλει
556 2180 707 2262 φέρεςθαι
734 2179 843 2244 δίδωςι
869 2179 945 2244 τοὺς
978 2177 1198 2258 αἰχμαλώτους

70 2279 197 2352 ἅπαντας
227 2287 307 2354 ἄνευ
336 2287 480 2370 λύτρων,
508 2289 647 2369 ςυχνοὺς
675 2289 762 2354 πάνυ
791 2287 904 2364 ὄντας,
935 2289 985 2352 καῖ
1012 2290 1050 2353 τὸ
1078 2289 1199 2368 χωρίον

69 2391 145 2476 iub
187 2401 545 2478 κατεςτρατοπεδευκώς
577 2399 632 2476 ἠν,
665 2399 1026 2476 κατεςκευαςμένον
1058 2397 1119 2477 οὐχ
1153 2399 1199 2461 ώς

68 2507 269 2580 ςτρατςίπεδον
292 2509 328 2574 ἐν
348 2509 423 2592 ξένῃ
451 2513 492 2591 γῇ
522 2509 605 2588 πρὸς
631 2508 744 2584 ὀλίγον
770 2509 899 2588 καιρὸν,
926 2507 1003 2572 ἀλλ’
1030 2507 1076 2572 ὡς
1103 2507 1198 2572 πόλιν

67 2610 142 2678 ἰδίαις
163 2637 196 2682 τε
218 2617 269 2682 καῖ
291 2617 452 2696 δημοςίαις
474 2617 712 2696 οἰκοδομαῖς
740 2618 977 2698 ἀποχρώντως·
1009 2617 1079 2696 (οὐκ
1101 2617 1198 2683 ὄντος

65 2724 124 2786 τοῖς
144 2725 322 2806 Τυρρηνοῖς
341 2726 453 2804 ἔθους,
484 2726 584 2791 ὁπότε
606 2725 956 2806 ἀναςτρατοπεδεύοιεν
978 2727 1013 2791 ἐκ
1033 2728 1198 2805 πολεμίας,

67 2829 152 2906 ὀρθὰς
178 2835 381 2900 καταλείπειν
408 2837 465 2902 τὰς
493 2839 703 2915 καταςκευὰς,
737 2836 819 2902 ἀλλὰ
845 2837 1052 2918 κατακαίειν)
1084 2837 1125 2901 οὐ
1152 2858 1197 2915 μι-

70 2941 138 3016 κρὰν
160 2951 197 3028 τῇ
219 2945 314 3010 πόλει
336 2947 546 3026 χαριςςίμενος
567 2948 611 3012 εἰς
633 2948 804 3027 χρημάτων
826 2946 928 3023 λόγον
942 2947 1078 3025 δωρεάν.
1114 2945 1197 3010 Nem

68 3068 124 3112 uon
144 3055 272 3118 lantum
299 3055 340 3118 ad
368 3057 445 3120 τοὺς
473 3055 695 3136 αἰχμαλώτους
721 3055 778 3120 illa
800 3057 964 3140 pertinent
991 3060 1082 3136 δώρα
1104 3057 1199 3136 φέρε-

66 3164 124 3224 ςδαι
145 3164 270 3242 δίδωςι,
293 3163 347 3227 sed
372 3165 469 3228 etiam
492 3165 533 3228 ad
554 3167 592 3232 τὸ
614 3167 735 3246 χωρίον
756 3167 1053 3246 κατεςκευαςμένον,
1076 3165 1198 3230 eodem-

64 3285 116 3348 que
135 3271 257 3336 ultimis
287 3274 392 3339 verbis
420 3275 460 3340 οὐ
486 3276 674 3356 μικρὰν
701 3276 829 3356 δωρεάν
856 3275 1034 3358 respicitur.
1079 3273 1200 3339 Verum
1221 3289 1249 3334 ιο

64 3383 211 3445 corrector
241 3403 313 3446 eum
342 3405 402 3447 nec
429 3387 717 3464 κατεςκευαςμένον
746 3385 845 3470 (solus
874 3384 960 3452 enim
988 3389 1017 3447 B
1043 3385 1197 3471 servavit)

61 3505 112 3550 nee
134 3491 318 3572 οἰκοδομαῖς
342 3493 548 3578 (quamquam
570 3494 630 3558 hoc
664 3515 734 3558 cum
757 3499 787 3558 B
808 3494 906 3558 etiam
929 3499 981 3558 Au
1006 3497 1133 3578 tenent)
1163 3495 1198 3558 in

61 3615 110 3659 suo
131 3601 240 3666 codice
267 3603 477 3686 repperisset,
510 3605 677 3686 praeterea
709 3625 775 3668 non
797 3607 1017 3688 assequeretur
1039 3607 1199 3668 construc-

59 3706 148 3772 tionis
180 3713 368 3776 rationemr·
396 3734 463 3777 non
495 3715 623 3776 tantum
660 3713 767 3796 priora
799 3714 845 3778 sio
878 3713 1008 3778 refinxit
1045 3713 1119 3779 ἀλλ’
1153 3715 1199 3778 ὡς

61 3815 150 3884 πόλιν
172 3821 289 3886 ἰδίως
309 3841 344 3888 τε
366 3823 419 3886 καῖ
438 3823 637 3901 δημοςίως
659 3823 882 3904 ἀποχρώντως
904 3825 1114 3904 κοςμήςας,
1143 3821 1197 3886 sed

59 3926 152 3992 ellam
179 3933 256 4014 post
282 3932 463 3999 κατακαίειν
496 3931 615 4016 aliquid
649 3932 758 3996 deesse
787 3936 875 3996 ratus
903 3933 983 3996 haee
1009 3932 1198 3996 inculcavit:

58 4035 123 4100 οὐκ
142 4039 310 4107 ἔκαυςεν
333 4041 419 4106 ἀλλ’
441 4041 593 4122 ἀφῆκεν
609 4042 712 4107 οὕτω
729 4043 871 4123 μένειν.
900 4040 988 4116 Quae
1003 4041 1110 4104 omnia
1125 4061 1197 4124 par·

58 4142 110 4206 tim
133 4147 164 4210 in
190 4155 224 4231 C,
249 4149 368 4232 partim
391 4151 425 4214 in
448 4156 499 4214 CI)
516 4151 717 4236 marginibus
739 4155 866 4214 tuntum
889 4149 1011 4214 credits
1034 4151 1197 4214 Pdemum

57 4249 87 4316 iu
107 4258 358 4340 perpetuitatem
380 4259 547 4324 verborum
570 4260 706 4324 infersit.
730 4299 773 4312 -
800 4260 949 4326 Dubitari
971 4263 1077 4344 potest
1102 4261 1197 4344 dev,

56 4361 93 4424 46
113 4365 218 4430 exitu:
249 4373 307 4434 τοῦ
335 4372 370 4434 δὲ
398 4373 439 4450 μὴ
463 4371 596 4437 πανςυδὶ
625 4372 683 4436 τόν
705 4375 773 4438 τών
795 4371 960 4450 πολεμίων
986 4375 1200 4452 διαφθαρῆναι

103 4483 147 4522 ra.
167 4485 336 4522 ιιπιιοιιιαιι
356 4487 501 4522 ονυιοοακ
522 4489 541 4524 ι.
952 4473 994 4536 34
