<?xml version="1.0" encoding="UTF-8"?>
<!DOCTYPE html PUBLIC "-//W3C//DTD XHTML 1.0 Transitional//EN"
    "http://www.w3.org/TR/xhtml1/DTD/xhtml1-transitional.dtd">
<html xmlns="http://www.w3.org/1999/xhtml" xml:lang="en" lang="en">
 <head>
  <title>
</title>
<meta http-equiv="Content-Type" content="text/html;charset=utf-8" />
  <meta name='ocr-system' content='tesseract 3.04.00' />
  <meta name='ocr-capabilities' content='ocr_page ocr_carea ocr_par ocr_line ocrx_word'/>
</head>
<body>
  <div class='ocr_page' id='page_1' title='image "./fridericiritsch04ritsgoog_0194.png"; bbox 0 0 2990 5140; ppageno 0'>
   <div class='ocr_carea' id='block_1_1' title="bbox 347 373 1215 444">
    <p class='ocr_par' dir='ltr' id='par_1_1' title="bbox 347 373 1215 444">
     <span class='ocr_line' id='line_1_1' title="bbox 347 373 1215 444; baseline -0.009 -1"><span class='ocrx_word' id='word_1_1' title='bbox 347 397 393 444; x_wconf 84' lang='lat' dir='ltr'>na</span> <span class='ocrx_word' id='word_1_2' title='bbox 416 397 508 443; x_wconf 77' lang='lat' dir='ltr'>arsa.</span> <span class='ocrx_word' id='word_1_3' title='bbox 532 395 636 441; x_wconf 76' lang='lat' dir='ltr'>anax.</span> <span class='ocrx_word' id='word_1_4' title='bbox 660 395 704 441; x_wconf 82' lang='lat' dir='ltr'>ar</span> <span class='ocrx_word' id='word_1_5' title='bbox 727 393 942 442; x_wconf 76' lang='lat' dir='ltr'>arsissanro.</span> <span class='ocrx_word' id='word_1_6' title='bbox 1154 373 1215 436; x_wconf 83' lang='grc'>169</span> 
     </span>
    </p>
   </div>
   <div class='ocr_carea' id='block_1_2' title="bbox 10 544 1296 3366">
    <p class='ocr_par' dir='ltr' id='par_1_2' title="bbox 10 544 1296 3366">
     <span class='ocr_line' id='line_1_2' title="bbox 63 544 1214 632; baseline -0.002 -22"><span class='ocrx_word' id='word_1_7' title='bbox 63 547 270 612; x_wconf 84' lang='lat' dir='ltr'>stituendum</span> <span class='ocrx_word' id='word_1_8' title='bbox 299 547 425 632; x_wconf 86' lang='lat' dir='ltr'>putavit</span> <span class='ocrx_word' id='word_1_9' title='bbox 451 569 482 632; x_wconf 90' lang='lat' dir='ltr'>p.</span> <span class='ocrx_word' id='word_1_10' title='bbox 511 548 563 612; x_wconf 83' lang='lat'>30.</span> <span class='ocrx_word' id='word_1_11' title='bbox 623 545 684 611; x_wconf 86' lang='lat' dir='ltr'>Sed</span> <span class='ocrx_word' id='word_1_12' title='bbox 717 546 798 610; x_wconf 90' lang='lat' dir='ltr'>haec</span> <span class='ocrx_word' id='word_1_13' title='bbox 829 565 952 630; x_wconf 91' lang='lat' dir='ltr'>quoqne</span> <span class='ocrx_word' id='word_1_14' title='bbox 980 549 1055 608; x_wconf 87' lang='lat' dir='ltr'>ante</span> <span class='ocrx_word' id='word_1_15' title='bbox 1082 544 1214 628; x_wconf 87' lang='lat' dir='ltr'>vulgata</span> 
     </span>
     <span class='ocr_line' id='line_1_3' title="bbox 65 654 1264 741; baseline -0.006 -21"><span class='ocrx_word' id='word_1_16' title='bbox 65 657 242 721; x_wconf 81' lang='lat' dir='ltr'>Anecdota</span> <span class='ocrx_word' id='word_1_17' title='bbox 270 657 417 722; x_wconf 89' lang='lat' dir='ltr'>Parisina</span> <span class='ocrx_word' id='word_1_18' title='bbox 446 657 565 741; x_wconf 89' lang='lat' dir='ltr'>scripta</span> <span class='ocrx_word' id='word_1_19' title='bbox 594 661 678 720; x_wconf 88' lang='lat' dir='ltr'>sunt.</span> <span class='ocrx_word' id='word_1_20' title='bbox 707 693 750 706; x_wconf 89' lang='lat'><em>-</em></span> <span class='ocrx_word' id='word_1_21' title='bbox 776 655 804 719; x_wconf 84' lang='lat' dir='ltr'><strong>E</strong></span> <span class='ocrx_word' id='word_1_22' title='bbox 833 655 946 739; x_wconf 88' lang='lat' dir='ltr'>quibus</span> <span class='ocrx_word' id='word_1_23' title='bbox 973 654 1148 718; x_wconf 87' lang='lat' dir='ltr'>Anecdotis</span> <span class='ocrx_word' id='word_1_24' title='bbox 1176 675 1214 718; x_wconf 93' lang='lat' dir='ltr'>ea</span> <span class='ocrx_word' id='word_1_25' title='bbox 1231 665 1264 714; x_wconf 79' lang='lat'>53</span> 
     </span>
     <span class='ocr_line' id='line_1_4' title="bbox 62 763 1213 852; baseline -0.004 -22"><span class='ocrx_word' id='word_1_26' title='bbox 62 789 153 850; x_wconf 87' lang='lat' dir='ltr'>quae</span> <span class='ocrx_word' id='word_1_27' title='bbox 181 767 244 832; x_wconf 91' lang='lat' dir='ltr'>hnc</span> <span class='ocrx_word' id='word_1_28' title='bbox 266 771 415 852; x_wconf 87' lang='lat' dir='ltr'>spectant</span> <span class='ocrx_word' id='word_1_29' title='bbox 445 789 515 832; x_wconf 90' lang='lat' dir='ltr'>cnm</span> <span class='ocrx_word' id='word_1_30' title='bbox 538 765 798 831; x_wconf 81' lang='lat' dir='ltr'>Schneidewinus</span> <span class='ocrx_word' id='word_1_31' title='bbox 825 769 893 828; x_wconf 89' lang='lat' dir='ltr'>tum</span> <span class='ocrx_word' id='word_1_32' title='bbox 919 763 1097 828; x_wconf 83' lang='lat' dir='ltr'>Meinelrius</span> <span class='ocrx_word' id='word_1_33' title='bbox 1125 785 1213 846; x_wconf 91' lang='lat' dir='ltr'>repe-</span> 
     </span>
     <span class='ocr_line' id='line_1_5' title="bbox 61 873 1211 960; baseline -0.002 -21"><span class='ocrx_word' id='word_1_34' title='bbox 61 877 204 959; x_wconf 82' lang='lat' dir='ltr'>tierunt,</span> <span class='ocrx_word' id='word_1_35' title='bbox 221 877 400 942; x_wconf 88' lang='lat' dir='ltr'>Meinelrius</span> <span class='ocrx_word' id='word_1_36' title='bbox 415 881 581 960; x_wconf 85' lang='lat' dir='ltr'>praeterea</span> <span class='ocrx_word' id='word_1_37' title='bbox 597 875 693 938; x_wconf 86' lang='lat' dir='ltr'>etiam</span> <span class='ocrx_word' id='word_1_38' title='bbox 708 875 844 939; x_wconf 91' lang='lat' dir='ltr'>latinum</span> <span class='ocrx_word' id='word_1_39' title='bbox 860 873 1014 937; x_wconf 89' lang='lat' dir='ltr'>scholium</span> <span class='ocrx_word' id='word_1_40' title='bbox 1026 895 1057 956; x_wconf 90' lang='lat' dir='ltr'>p.</span> <span class='ocrx_word' id='word_1_41' title='bbox 1068 873 1149 936; x_wconf 72' lang='lat'>1243</span> <span class='ocrx_word' id='word_1_42' title='bbox 1164 895 1211 956; x_wconf 88' lang='lat' dir='ltr'>sq.</span> 
     </span>
     <span class='ocr_line' id='line_1_6' title="bbox 62 982 1213 1070; baseline -0.002 -22"><span class='ocrx_word' id='word_1_43' title='bbox 62 986 119 1049; x_wconf 88' lang='lat' dir='ltr'>Ac</span> <span class='ocrx_word' id='word_1_44' title='bbox 142 985 324 1050; x_wconf 81' lang='lat' dir='ltr'>Meinelrins</span> <span class='ocrx_word' id='word_1_45' title='bbox 347 986 473 1070; x_wconf 89' lang='lat' dir='ltr'>quidem</span> <span class='ocrx_word' id='word_1_46' title='bbox 501 989 533 1049; x_wconf 90' lang='lat' dir='ltr'>et</span> <span class='ocrx_word' id='word_1_47' title='bbox 559 991 772 1066; x_wconf 77' lang='lat' dir='ltr'>offectissr&#39;mus</span> <span class='ocrx_word' id='word_1_48' title='bbox 793 983 1037 1047; x_wconf 88' lang='lat' dir='ltr'>Dindorfianum</span> <span class='ocrx_word' id='word_1_49' title='bbox 1065 982 1213 1066; x_wconf 87' lang='lat' dir='ltr'>probavit</span> 
     </span>
     <span class='ocr_line' id='line_1_7' title="bbox 61 1093 1213 1179; baseline -0.003 -21"><span class='ocrx_word' id='word_1_50' title='bbox 61 1099 102 1158; x_wconf 88' lang='lat' dir='ltr'>et</span> <span class='ocrx_word' id='word_1_51' title='bbox 125 1094 328 1179; x_wconf 87' lang='lat' dir='ltr'>Bernhardyi</span> <span class='ocrx_word' id='word_1_52' title='bbox 352 1100 442 1159; x_wconf 79' lang='lat' dir='ltr'>LXX</span> <span class='ocrx_word' id='word_1_53' title='bbox 465 1117 551 1160; x_wconf 82' lang='lat' dir='ltr'>senes</span> <span class='ocrx_word' id='word_1_54' title='bbox 577 1095 714 1178; x_wconf 84' lang='lat' dir='ltr'>recepit,</span> <span class='ocrx_word' id='word_1_55' title='bbox 743 1115 802 1157; x_wconf 91' lang='lat' dir='ltr'>nee</span> <span class='ocrx_word' id='word_1_56' title='bbox 830 1099 899 1156; x_wconf 83' lang='lat' dir='ltr'>olim</span> <span class='ocrx_word' id='word_1_57' title='bbox 927 1093 1031 1174; x_wconf 88' lang='lat' dir='ltr'>potius</span> <span class='ocrx_word' id='word_1_58' title='bbox 1057 1113 1152 1175; x_wconf 90' lang='lat' dir='ltr'>quarn</span> <span class='ocrx_word' id='word_1_59' title='bbox 1174 1097 1213 1155; x_wconf 82' lang='lat' dir='ltr'>ab</span> 
     </span>
     <span class='ocr_line' id='line_1_8' title="bbox 61 1201 1213 1280; baseline -0.003 -13"><span class='ocrx_word' id='word_1_60' title='bbox 61 1205 174 1268; x_wconf 88' lang='lat' dir='ltr'>latere</span> <span class='ocrx_word' id='word_1_61' title='bbox 202 1205 236 1268; x_wconf 91' lang='lat' dir='ltr'>in</span> <span class='ocrx_word' id='word_1_62' title='bbox 264 1208 302 1269; x_wconf 71' lang='grc' dir='ltr'>οῖ’</span> <span class='ocrx_word' id='word_1_63' title='bbox 325 1205 492 1269; x_wconf 76' lang='lat' dir='ltr'><strong>concessit.</strong></span> <span class='ocrx_word' id='word_1_64' title='bbox 538 1202 599 1268; x_wconf 82' lang='lat' dir='ltr'>ssd</span> <span class='ocrx_word' id='word_1_65' title='bbox 628 1203 712 1268; x_wconf 90' lang='lat' dir='ltr'>idem</span> <span class='ocrx_word' id='word_1_66' title='bbox 740 1225 811 1267; x_wconf 92' lang='lat' dir='ltr'>cum</span> <span class='ocrx_word' id='word_1_67' title='bbox 838 1208 928 1266; x_wconf 78' lang='lat' dir='ltr'>aliter</span> <span class='ocrx_word' id='word_1_68' title='bbox 955 1213 1089 1280; x_wconf 63' lang='lat' dir='ltr'>amatur</span> <span class='ocrx_word' id='word_1_69' title='bbox 1116 1201 1213 1265; x_wconf 86' lang='lat' dir='ltr'>verba</span> 
     </span>
     <span class='ocr_line' id='line_1_9' title="bbox 62 1309 1213 1397; baseline -0.003 -20"><span class='ocrx_word' id='word_1_70' title='bbox 62 1314 100 1377; x_wconf 91' lang='lat' dir='ltr'>in</span> <span class='ocrx_word' id='word_1_71' title='bbox 125 1315 261 1397; x_wconf 77' lang='lat' dir='ltr'>‘graecis</span> <span class='ocrx_word' id='word_1_72' title='bbox 287 1315 386 1378; x_wconf 86' lang='lat' dir='ltr'>fuisse</span> <span class='ocrx_word' id='word_1_73' title='bbox 413 1315 520 1380; x_wconf 66' lang='grc' dir='ltr'>ἄλλως</span> <span class='ocrx_word' id='word_1_74' title='bbox 548 1316 686 1396; x_wconf 85' lang='grc' dir='ltr'>φλυαρεῖ</span> <span class='ocrx_word' id='word_1_75' title='bbox 714 1311 909 1394; x_wconf 85' lang='lat' dir='ltr'>suspicatur,</span> <span class='ocrx_word' id='word_1_76' title='bbox 938 1331 1066 1394; x_wconf 89' lang='lat' dir='ltr'>prorsus</span> <span class='ocrx_word' id='word_1_77' title='bbox 1095 1309 1213 1374; x_wconf 91' lang='lat' dir='ltr'>oblitus</span> 
     </span>
     <span class='ocr_line' id='line_1_10' title="bbox 62 1420 1212 1508; baseline -0.002 -22"><span class='ocrx_word' id='word_1_78' title='bbox 62 1427 119 1487; x_wconf 82' lang='lat' dir='ltr'>est</span> <span class='ocrx_word' id='word_1_79' title='bbox 141 1423 224 1488; x_wconf 90' lang='lat' dir='ltr'>haec</span> <span class='ocrx_word' id='word_1_80' title='bbox 247 1445 312 1488; x_wconf 91' lang='lat' dir='ltr'>non</span> <span class='ocrx_word' id='word_1_81' title='bbox 334 1424 443 1508; x_wconf 88' lang='lat' dir='ltr'>graeci</span> <span class='ocrx_word' id='word_1_82' title='bbox 466 1423 631 1506; x_wconf 87' lang='lat' dir='ltr'>scriptoris</span> <span class='ocrx_word' id='word_1_83' title='bbox 647 1445 715 1487; x_wconf 89' lang='lat' dir='ltr'>esse</span> <span class='ocrx_word' id='word_1_84' title='bbox 731 1420 785 1485; x_wconf 87' lang='lat' dir='ltr'>sed</span> <span class='ocrx_word' id='word_1_85' title='bbox 800 1421 901 1504; x_wconf 86' lang='lat' dir='ltr'>ipsius</span> <span class='ocrx_word' id='word_1_86' title='bbox 916 1420 1010 1484; x_wconf 89' lang='lat' dir='ltr'>latini</span> <span class='ocrx_word' id='word_1_87' title='bbox 1025 1420 1212 1504; x_wconf 80' lang='lat' dir='ltr'>interpretis</span> 
     </span>
     <span class='ocr_line' id='line_1_11' title="bbox 60 1529 1212 1616; baseline -0.001 -21"><span class='ocrx_word' id='word_1_88' title='bbox 60 1534 181 1596; x_wconf 79' lang='lat' dir='ltr'>verba.</span> <span class='ocrx_word' id='word_1_89' title='bbox 226 1533 300 1598; x_wconf 91' lang='lat' dir='ltr'>Non</span> <span class='ocrx_word' id='word_1_90' title='bbox 327 1533 455 1597; x_wconf 86' lang='lat' dir='ltr'>indocte</span> <span class='ocrx_word' id='word_1_91' title='bbox 483 1537 606 1616; x_wconf 85' lang='lat' dir='ltr'>autem,</span> <span class='ocrx_word' id='word_1_92' title='bbox 636 1553 827 1616; x_wconf 90' lang='lat' dir='ltr'>quamquam</span> <span class='ocrx_word' id='word_1_93' title='bbox 855 1531 1010 1612; x_wconf 85' lang='lat' dir='ltr'>breviter,</span> <span class='ocrx_word' id='word_1_94' title='bbox 1041 1529 1212 1594; x_wconf 85' lang='lat' dir='ltr'>Schneide-</span> 
     </span>
     <span class='ocr_line' id='line_1_12' title="bbox 61 1639 1212 1726; baseline -0.002 -20"><span class='ocrx_word' id='word_1_95' title='bbox 61 1643 176 1706; x_wconf 79' lang='lat' dir='ltr'>winus</span> <span class='ocrx_word' id='word_1_96' title='bbox 209 1641 399 1726; x_wconf 85' lang='lat' dir='ltr'>disputavit:</span> <span class='ocrx_word' id='word_1_97' title='bbox 433 1643 521 1707; x_wconf 89' lang='lat' dir='ltr'>cuius</span> <span class='ocrx_word' id='word_1_98' title='bbox 549 1647 585 1706; x_wconf 89' lang='lat' dir='ltr'>ut</span> <span class='ocrx_word' id='word_1_99' title='bbox 614 1641 787 1706; x_wconf 80' lang='lat' dir='ltr'>nonnullae</span> <span class='ocrx_word' id='word_1_100' title='bbox 815 1639 1111 1724; x_wconf 74' lang='lat' dir='ltr'>argumentationes</span> <span class='ocrx_word' id='word_1_101' title='bbox 1144 1643 1212 1704; x_wconf 87' lang='lat' dir='ltr'>tam</span> 
     </span>
     <span class='ocr_line' id='line_1_13' title="bbox 61 1750 1212 1834; baseline 0 -20"><span class='ocrx_word' id='word_1_102' title='bbox 61 1757 147 1815; x_wconf 86' lang='lat' dir='ltr'>suut</span> <span class='ocrx_word' id='word_1_103' title='bbox 177 1757 356 1816; x_wconf 86' lang='lat' dir='ltr'>nostrarum</span> <span class='ocrx_word' id='word_1_104' title='bbox 383 1753 519 1834; x_wconf 80' lang='lat' dir='ltr'>similes,</span> <span class='ocrx_word' id='word_1_105' title='bbox 553 1757 604 1834; x_wconf 88' lang='lat' dir='ltr'>ut,</span> <span class='ocrx_word' id='word_1_106' title='bbox 640 1751 702 1814; x_wconf 89' lang='lat' dir='ltr'>nisi</span> <span class='ocrx_word' id='word_1_107' title='bbox 731 1750 925 1815; x_wconf 90' lang='lat' dir='ltr'>contrarium</span> <span class='ocrx_word' id='word_1_108' title='bbox 958 1751 1111 1832; x_wconf 86' lang='lat' dir='ltr'>testarer,</span> <span class='ocrx_word' id='word_1_109' title='bbox 1145 1771 1212 1814; x_wconf 91' lang='lat' dir='ltr'>non</span> 
     </span>
     <span class='ocr_line' id='line_1_14' title="bbox 61 1858 1211 1946; baseline -0.001 -22"><span class='ocrx_word' id='word_1_110' title='bbox 61 1883 198 1945; x_wconf 84' lang='lat' dir='ltr'>possem</span> <span class='ocrx_word' id='word_1_111' title='bbox 219 1883 286 1925; x_wconf 91' lang='lat' dir='ltr'>non</span> <span class='ocrx_word' id='word_1_112' title='bbox 307 1862 424 1946; x_wconf 82' lang='lat' dir='ltr'>legisse</span> <span class='ocrx_word' id='word_1_113' title='bbox 444 1863 511 1926; x_wconf 91' lang='lat' dir='ltr'>eius</span> <span class='ocrx_word' id='word_1_114' title='bbox 532 1861 781 1944; x_wconf 87' lang='lat' dir='ltr'>disputationem</span> <span class='ocrx_word' id='word_1_115' title='bbox 802 1859 918 1942; x_wconf 87' lang='lat' dir='ltr'>videri,</span> <span class='ocrx_word' id='word_1_116' title='bbox 943 1860 988 1922; x_wconf 88' lang='lat' dir='ltr'>ita</span> <span class='ocrx_word' id='word_1_117' title='bbox 1011 1858 1050 1922; x_wconf 93' lang='lat' dir='ltr'>de</span> <span class='ocrx_word' id='word_1_118' title='bbox 1073 1859 1160 1940; x_wconf 90' lang='lat' dir='ltr'>aliis,</span> <span class='ocrx_word' id='word_1_119' title='bbox 1184 1859 1211 1923; x_wconf 89' lang='lat' dir='ltr'>si</span> 
     </span>
     <span class='ocr_line' id='line_1_15' title="bbox 61 1968 1211 2054; baseline -0.001 -21"><span class='ocrx_word' id='word_1_120' title='bbox 61 1971 178 2034; x_wconf 86' lang='lat' dir='ltr'>dicere</span> <span class='ocrx_word' id='word_1_121' title='bbox 200 1971 283 2054; x_wconf 90' lang='lat' dir='ltr'>quod</span> <span class='ocrx_word' id='word_1_122' title='bbox 305 1971 409 2036; x_wconf 86' lang='lat' dir='ltr'>sentio</span> <span class='ocrx_word' id='word_1_123' title='bbox 431 1971 523 2054; x_wconf 84' lang='lat' dir='ltr'>licet,</span> <span class='ocrx_word' id='word_1_124' title='bbox 547 1993 613 2034; x_wconf 90' lang='lat' dir='ltr'>non</span> <span class='ocrx_word' id='word_1_125' title='bbox 635 1971 705 2033; x_wconf 90' lang='lat' dir='ltr'>sine</span> <span class='ocrx_word' id='word_1_126' title='bbox 726 1970 936 2034; x_wconf 88' lang='lat' dir='ltr'>festinatione</span> <span class='ocrx_word' id='word_1_127' title='bbox 958 1969 1082 2032; x_wconf 84' lang='lat' dir='ltr'>statuit.</span> <span class='ocrx_word' id='word_1_128' title='bbox 1128 1968 1211 2032; x_wconf 87' lang='lat' dir='ltr'>Nolo</span> 
     </span>
     <span class='ocr_line' id='line_1_16' title="bbox 61 2077 1211 2166; baseline -0.002 -22"><span class='ocrx_word' id='word_1_129' title='bbox 61 2080 202 2164; x_wconf 86' lang='lat' dir='ltr'>singula</span> <span class='ocrx_word' id='word_1_130' title='bbox 230 2082 390 2164; x_wconf 87' lang='lat' dir='ltr'>persequi:</span> <span class='ocrx_word' id='word_1_131' title='bbox 418 2101 551 2166; x_wconf 89' lang='lat' dir='ltr'>quornm</span> <span class='ocrx_word' id='word_1_132' title='bbox 577 2079 659 2144; x_wconf 89' lang='lat' dir='ltr'>nihil</span> <span class='ocrx_word' id='word_1_133' title='bbox 687 2085 752 2162; x_wconf 88' lang='lat' dir='ltr'>est,</span> <span class='ocrx_word' id='word_1_134' title='bbox 781 2079 863 2164; x_wconf 89' lang='lat' dir='ltr'>quod</span> <span class='ocrx_word' id='word_1_135' title='bbox 892 2100 958 2143; x_wconf 90' lang='lat' dir='ltr'>non</span> <span class='ocrx_word' id='word_1_136' title='bbox 986 2077 1114 2142; x_wconf 88' lang='lat' dir='ltr'>sithoc</span> <span class='ocrx_word' id='word_1_137' title='bbox 1142 2079 1211 2162; x_wconf 90' lang='lat' dir='ltr'>ipso</span> 
     </span>
     <span class='ocr_line' id='line_1_17' title="bbox 62 2188 1211 2273; baseline -0.001 -19"><span class='ocrx_word' id='word_1_138' title='bbox 62 2189 248 2254; x_wconf 88' lang='lat' dir='ltr'>Corollario</span> <span class='ocrx_word' id='word_1_139' title='bbox 283 2191 410 2254; x_wconf 88' lang='lat' dir='ltr'>uberius</span> <span class='ocrx_word' id='word_1_140' title='bbox 447 2192 678 2273; x_wconf 85' lang='lat' dir='ltr'>pertractatum</span> <span class='ocrx_word' id='word_1_141' title='bbox 715 2193 748 2252; x_wconf 89' lang='lat' dir='ltr'>et</span> <span class='ocrx_word' id='word_1_142' title='bbox 790 2193 954 2271; x_wconf 88' lang='lat' dir='ltr'>tamquam</span> <span class='ocrx_word' id='word_1_143' title='bbox 986 2188 1211 2270; x_wconf 80' lang='lat' dir='ltr'>praesensione</span> 
     </span>
     <span class='ocr_line' id='line_1_18' title="bbox 10 2297 1211 2384; baseline -0.002 -20"><span class='ocrx_word' id='word_1_144' title='bbox 10 2355 15 2364; x_wconf 92' lang='lat'>.</span> <span class='ocrx_word' id='word_1_145' title='bbox 60 2300 179 2382; x_wconf 89' lang='lat' dir='ltr'>aliqua</span> <span class='ocrx_word' id='word_1_146' title='bbox 201 2299 439 2384; x_wconf 86' lang='lat' dir='ltr'>impugnatum:</span> <span class='ocrx_word' id='word_1_147' title='bbox 467 2299 691 2383; x_wconf 82' lang='lat' dir='ltr'>gravissimum</span> <span class='ocrx_word' id='word_1_148' title='bbox 717 2298 795 2361; x_wconf 91' lang='lat' dir='ltr'>illud</span> <span class='ocrx_word' id='word_1_149' title='bbox 819 2301 883 2380; x_wconf 87' lang='lat' dir='ltr'>est,</span> <span class='ocrx_word' id='word_1_150' title='bbox 912 2297 995 2380; x_wconf 90' lang='lat' dir='ltr'>qnod</span> <span class='ocrx_word' id='word_1_151' title='bbox 1024 2297 1063 2360; x_wconf 91' lang='lat' dir='ltr'>ad</span> <span class='ocrx_word' id='word_1_152' title='bbox 1086 2297 1211 2362; x_wconf 55' lang='lat' dir='ltr'>univers</span> 
     </span>
     <span class='ocr_line' id='line_1_19' title="bbox 61 2405 1210 2494; baseline -0.002 -23"><span class='ocrx_word' id='word_1_153' title='bbox 61 2430 138 2471; x_wconf 88' lang='lat' dir='ltr'>sam</span> <span class='ocrx_word' id='word_1_154' title='bbox 162 2409 320 2472; x_wconf 88' lang='lat' dir='ltr'>rationem</span> <span class='ocrx_word' id='word_1_155' title='bbox 335 2409 499 2494; x_wconf 91' lang='lat' dir='ltr'>utriusque</span> <span class='ocrx_word' id='word_1_156' title='bbox 520 2407 696 2474; x_wconf 86' lang='lat' dir='ltr'>testimonii</span> <span class='ocrx_word' id='word_1_157' title='bbox 719 2410 854 2490; x_wconf 81' lang='lat' dir='ltr'>spectet.</span> <span class='ocrx_word' id='word_1_158' title='bbox 893 2405 1010 2470; x_wconf 81' lang='lat' dir='ltr'>Evenit</span> <span class='ocrx_word' id='word_1_159' title='bbox 1026 2407 1112 2470; x_wconf 91' lang='lat' dir='ltr'>enim</span> <span class='ocrx_word' id='word_1_160' title='bbox 1127 2407 1210 2490; x_wconf 92' lang='lat' dir='ltr'>quod</span> 
     </span>
     <span class='ocr_line' id='line_1_20' title="bbox 60 2515 1210 2602; baseline -0.002 -22"><span class='ocrx_word' id='word_1_161' title='bbox 60 2517 305 2601; x_wconf 83' lang='lat' dir='ltr'>praevideram:</span> <span class='ocrx_word' id='word_1_162' title='bbox 342 2517 523 2602; x_wconf 87' lang='lat' dir='ltr'>primusque</span> <span class='ocrx_word' id='word_1_163' title='bbox 551 2517 658 2581; x_wconf 86' lang='lat' dir='ltr'>extitit</span> <span class='ocrx_word' id='word_1_164' title='bbox 686 2515 962 2598; x_wconf 82' lang='lat' dir='ltr'>Schneidewinus,</span> <span class='ocrx_word' id='word_1_165' title='bbox 997 2515 1050 2600; x_wconf 91' lang='lat' dir='ltr'>qui</span> <span class='ocrx_word' id='word_1_166' title='bbox 1079 2537 1145 2580; x_wconf 92' lang='lat' dir='ltr'>non</span> <span class='ocrx_word' id='word_1_167' title='bbox 1171 2515 1210 2579; x_wconf 92' lang='lat' dir='ltr'>de</span> 
     </span>
     <span class='ocr_line' id='line_1_21' title="bbox 61 2624 1211 2711; baseline -0.002 -21"><span class='ocrx_word' id='word_1_168' title='bbox 61 2627 231 2690; x_wconf 88' lang='lat' dir='ltr'>communi</span> <span class='ocrx_word' id='word_1_169' title='bbox 252 2627 358 2710; x_wconf 85' lang='lat' dir='ltr'>fonte,</span> <span class='ocrx_word' id='word_1_170' title='bbox 388 2649 405 2691; x_wconf 93' lang='lat' dir='ltr'>e</span> <span class='ocrx_word' id='word_1_171' title='bbox 428 2649 490 2711; x_wconf 88' lang='lat' dir='ltr'>qno</span> <span class='ocrx_word' id='word_1_172' title='bbox 517 2649 587 2691; x_wconf 92' lang='lat' dir='ltr'>cum</span> <span class='ocrx_word' id='word_1_173' title='bbox 615 2626 843 2711; x_wconf 88' lang='lat' dir='ltr'>grammaticus</span> <span class='ocrx_word' id='word_1_174' title='bbox 864 2624 1030 2689; x_wconf 81' lang='lat' dir='ltr'>Parisinus</span> <span class='ocrx_word' id='word_1_175' title='bbox 1052 2625 1211 2690; x_wconf 79' lang='lat' dir='ltr'>hausisset</span> 
     </span>
     <span class='ocr_line' id='line_1_22' title="bbox 60 2734 1209 2820; baseline -0.001 -21"><span class='ocrx_word' id='word_1_176' title='bbox 60 2741 135 2799; x_wconf 88' lang='lat' dir='ltr'>tum</span> <span class='ocrx_word' id='word_1_177' title='bbox 166 2734 335 2800; x_wconf 89' lang='lat' dir='ltr'>Plautinus</span> <span class='ocrx_word' id='word_1_178' title='bbox 363 2737 550 2818; x_wconf 86' lang='lat' dir='ltr'>scholiasta,</span> <span class='ocrx_word' id='word_1_179' title='bbox 581 2736 754 2820; x_wconf 81' lang='lat' dir='ltr'>cogitaret,</span> <span class='ocrx_word' id='word_1_180' title='bbox 788 2735 843 2799; x_wconf 88' lang='lat' dir='ltr'>scd</span> <span class='ocrx_word' id='word_1_181' title='bbox 871 2735 956 2798; x_wconf 93' lang='lat' dir='ltr'>hunc</span> <span class='ocrx_word' id='word_1_182' title='bbox 987 2739 1043 2798; x_wconf 89' lang='lat' dir='ltr'>aut</span> <span class='ocrx_word' id='word_1_183' title='bbox 1071 2735 1118 2798; x_wconf 95' lang='lat' dir='ltr'>illi</span> <span class='ocrx_word' id='word_1_184' title='bbox 1148 2735 1209 2818; x_wconf 88' lang='lat' dir='ltr'>ipsi</span> 
     </span>
     <span class='ocr_line' id='line_1_23' title="bbox 61 2843 1296 2929; baseline 0 -21"><span class='ocrx_word' id='word_1_185' title='bbox 61 2848 123 2908; x_wconf 87' lang='lat' dir='ltr'>aut</span> <span class='ocrx_word' id='word_1_186' title='bbox 152 2866 230 2908; x_wconf 88' lang='lat' dir='ltr'>suae</span> <span class='ocrx_word' id='word_1_187' title='bbox 256 2845 407 2910; x_wconf 79' lang='lat' dir='ltr'>licentiae</span> <span class='ocrx_word' id='word_1_188' title='bbox 437 2868 494 2910; x_wconf 89' lang='lat' dir='ltr'>sna</span> <span class='ocrx_word' id='word_1_189' title='bbox 521 2846 629 2910; x_wconf 89' lang='lat' dir='ltr'>omnia</span> <span class='ocrx_word' id='word_1_190' title='bbox 662 2845 777 2910; x_wconf 87' lang='lat' dir='ltr'>debere</span> <span class='ocrx_word' id='word_1_191' title='bbox 806 2843 1038 2928; x_wconf 83' lang='lat' dir='ltr'>pronuntiaret.</span> <span class='ocrx_word' id='word_1_192' title='bbox 1089 2845 1117 2908; x_wconf 79' lang='lat' dir='ltr'>ll</span> <span class='ocrx_word' id='word_1_193' title='bbox 1147 2866 1209 2929; x_wconf 90' lang='lat' dir='ltr'>quo</span> <span class='ocrx_word' id='word_1_194' title='bbox 1278 2847 1296 2866; x_wconf 81' lang='lat'><em>⁶</em></span> 
     </span>
     <span class='ocr_line' id='line_1_24' title="bbox 62 2953 1209 3040; baseline -0.002 -22"><span class='ocrx_word' id='word_1_195' title='bbox 62 2954 303 3018; x_wconf 78' lang='lat' dir='ltr'>consectarium</span> <span class='ocrx_word' id='word_1_196' title='bbox 325 2955 387 3018; x_wconf 80' lang='lat' dir='ltr'>luit</span> <span class='ocrx_word' id='word_1_197' title='bbox 402 2960 452 3040; x_wconf 77' lang='lat' dir='ltr'>ut,</span> <span class='ocrx_word' id='word_1_198' title='bbox 476 2955 625 3039; x_wconf 89' lang='lat' dir='ltr'>quicquid</span> <span class='ocrx_word' id='word_1_199' title='bbox 647 2954 681 3018; x_wconf 93' lang='lat' dir='ltr'>in</span> <span class='ocrx_word' id='word_1_200' title='bbox 703 2953 813 3018; x_wconf 86' lang='lat' dir='ltr'>latinis</span> <span class='ocrx_word' id='word_1_201' title='bbox 828 2955 947 3038; x_wconf 90' lang='lat' dir='ltr'>legitur</span> <span class='ocrx_word' id='word_1_202' title='bbox 961 2975 1028 3017; x_wconf 89' lang='lat' dir='ltr'>non</span> <span class='ocrx_word' id='word_1_203' title='bbox 1049 2957 1209 3036; x_wconf 88' lang='lat' dir='ltr'>repertum</span> 
     </span>
     <span class='ocr_line' id='line_1_25' title="bbox 61 3063 1207 3148; baseline 0 -22"><span class='ocrx_word' id='word_1_204' title='bbox 61 3065 98 3127; x_wconf 89' lang='lat' dir='ltr'>in</span> <span class='ocrx_word' id='word_1_205' title='bbox 123 3065 268 3148; x_wconf 83' lang='lat' dir='ltr'>graecis,</span> <span class='ocrx_word' id='word_1_206' title='bbox 292 3063 354 3128; x_wconf 88' lang='lat' dir='ltr'>lide</span> <span class='ocrx_word' id='word_1_207' title='bbox 370 3085 477 3128; x_wconf 90' lang='lat' dir='ltr'>carere</span> <span class='ocrx_word' id='word_1_208' title='bbox 493 3065 658 3129; x_wconf 88' lang='lat' dir='ltr'>indicaret.</span> <span class='ocrx_word' id='word_1_209' title='bbox 696 3063 764 3128; x_wconf 90' lang='lat' dir='ltr'>Nee</span> <span class='ocrx_word' id='word_1_210' title='bbox 779 3067 972 3128; x_wconf 88' lang='lat' dir='ltr'>monuerunt</span> <span class='ocrx_word' id='word_1_211' title='bbox 987 3084 1059 3126; x_wconf 90' lang='lat' dir='ltr'>eum</span> <span class='ocrx_word' id='word_1_212' title='bbox 1081 3063 1207 3146; x_wconf 89' lang='lat' dir='ltr'>erroris,</span> 
     </span>
     <span class='ocr_line' id='line_1_26' title="bbox 61 3171 1209 3257; baseline 0 -21"><span class='ocrx_word' id='word_1_213' title='bbox 61 3195 149 3257; x_wconf 87' lang='lat' dir='ltr'>quae</span> <span class='ocrx_word' id='word_1_214' title='bbox 172 3174 211 3237; x_wconf 92' lang='lat' dir='ltr'>de</span> <span class='ocrx_word' id='word_1_215' title='bbox 233 3173 448 3238; x_wconf 81' lang='lat' dir='ltr'>Eratosthene</span> <span class='ocrx_word' id='word_1_216' title='bbox 469 3173 726 3256; x_wconf 82' lang='lat' dir='ltr'>Callimachoque</span> <span class='ocrx_word' id='word_1_217' title='bbox 748 3172 832 3237; x_wconf 88' lang='lat' dir='ltr'>haud</span> <span class='ocrx_word' id='word_1_218' title='bbox 855 3193 932 3236; x_wconf 89' lang='lat' dir='ltr'>sane</span> <span class='ocrx_word' id='word_1_219' title='bbox 955 3171 1209 3256; x_wconf 83' lang='lat' dir='ltr'>improbabiliter</span> 
     </span>
     <span class='ocr_line' id='line_1_27' title="bbox 60 3281 1207 3366; baseline 0 -20"><span class='ocrx_word' id='word_1_220' title='bbox 60 3283 98 3346; x_wconf 89' lang='lat' dir='ltr'>in</span> <span class='ocrx_word' id='word_1_221' title='bbox 115 3281 265 3346; x_wconf 83' lang='lat' dir='ltr'>Romano</span> <span class='ocrx_word' id='word_1_222' title='bbox 288 3283 396 3348; x_wconf 90' lang='lat' dir='ltr'>codice</span> <span class='ocrx_word' id='word_1_223' title='bbox 417 3283 501 3347; x_wconf 87' lang='lat' dir='ltr'>tradi</span> <span class='ocrx_word' id='word_1_224' title='bbox 530 3284 598 3366; x_wconf 93' lang='lat' dir='ltr'>ipse</span> <span class='ocrx_word' id='word_1_225' title='bbox 620 3283 756 3348; x_wconf 86' lang='lat' dir='ltr'>sensisse</span> <span class='ocrx_word' id='word_1_226' title='bbox 778 3282 904 3347; x_wconf 87' lang='lat' dir='ltr'>videtur</span> <span class='ocrx_word' id='word_1_227' title='bbox 925 3305 956 3366; x_wconf 93' lang='lat' dir='ltr'>p.</span> <span class='ocrx_word' id='word_1_228' title='bbox 974 3281 1047 3346; x_wconf 83' lang='lat'>953.</span> <span class='ocrx_word' id='word_1_229' title='bbox 1086 3281 1207 3347; x_wconf 84' lang='lat' dir='ltr'>Contra</span> 
     </span>
    </p>
   </div>
   <div class='ocr_carea' id='block_1_3' title="bbox 59 3558 1208 4458">
    <p class='ocr_par' dir='ltr' id='par_1_3' title="bbox 59 3558 1208 4458">
     <span class='ocr_line' id='line_1_28' title="bbox 59 3558 1208 3628; baseline -0.002 -15"><span class='ocrx_word' id='word_1_230' title='bbox 59 3561 162 3628; x_wconf 87' lang='lat' dir='ltr'>inepte</span> <span class='ocrx_word' id='word_1_231' title='bbox 184 3560 293 3628; x_wconf 86' lang='lat' dir='ltr'>reliqua</span> <span class='ocrx_word' id='word_1_232' title='bbox 315 3560 558 3616; x_wconf 85' lang='lat' dir='ltr'>administraverit.</span> <span class='ocrx_word' id='word_1_233' title='bbox 595 3560 690 3614; x_wconf 89' lang='lat' dir='ltr'>Potuit</span> <span class='ocrx_word' id='word_1_234' title='bbox 711 3560 757 3614; x_wconf 90' lang='lat' dir='ltr'>ille</span> <span class='ocrx_word' id='word_1_235' title='bbox 776 3561 850 3614; x_wconf 86' lang='lat' dir='ltr'>haud</span> <span class='ocrx_word' id='word_1_236' title='bbox 873 3559 956 3614; x_wconf 90' lang='lat' dir='ltr'>dubie</span> <span class='ocrx_word' id='word_1_237' title='bbox 978 3575 1083 3622; x_wconf 84' lang='lat' dir='ltr'>errare,</span> <span class='ocrx_word' id='word_1_238' title='bbox 1106 3558 1155 3612; x_wconf 88' lang='lat' dir='ltr'>sed</span> <span class='ocrx_word' id='word_1_239' title='bbox 1177 3561 1208 3611; x_wconf 90' lang='lat' dir='ltr'>ut</span> 
     </span>
     <span class='ocr_line' id='line_1_29' title="bbox 59 3649 1207 3722; baseline -0.002 -17"><span class='ocrx_word' id='word_1_240' title='bbox 59 3653 133 3721; x_wconf 87' lang='lat' dir='ltr'>puto</span> <span class='ocrx_word' id='word_1_241' title='bbox 157 3653 253 3720; x_wconf 90' lang='lat' dir='ltr'>paullo</span> <span class='ocrx_word' id='word_1_242' title='bbox 275 3653 436 3706; x_wconf 88' lang='lat' dir='ltr'>modestius.</span> <span class='ocrx_word' id='word_1_243' title='bbox 473 3653 512 3706; x_wconf 91' lang='lat' dir='ltr'>Vt</span> <span class='ocrx_word' id='word_1_244' title='bbox 533 3653 655 3706; x_wconf 89' lang='lat' dir='ltr'>nondum</span> <span class='ocrx_word' id='word_1_245' title='bbox 677 3669 790 3722; x_wconf 88' lang='lat' dir='ltr'>prorsus</span> <span class='ocrx_word' id='word_1_246' title='bbox 812 3669 856 3706; x_wconf 91' lang='lat' dir='ltr'>me</span> <span class='ocrx_word' id='word_1_247' title='bbox 879 3651 1022 3722; x_wconf 88' lang='lat' dir='ltr'>paeniteat</span> <span class='ocrx_word' id='word_1_248' title='bbox 1047 3665 1122 3716; x_wconf 61' lang='lat' dir='ltr'>lnam</span> <span class='ocrx_word' id='word_1_249' title='bbox 1139 3649 1207 3704; x_wconf 89' lang='lat' dir='ltr'>nihil</span> 
     </span>
     <span class='ocr_line' id='line_1_30' title="bbox 60 3743 1207 3814; baseline -0.001 -16"><span class='ocrx_word' id='word_1_250' title='bbox 60 3745 196 3811; x_wconf 81' lang='lat' dir='ltr'>decerno)</span> <span class='ocrx_word' id='word_1_251' title='bbox 215 3743 338 3798; x_wconf 88' lang='lat' dir='ltr'>insertae</span> <span class='ocrx_word' id='word_1_252' title='bbox 357 3743 423 3799; x_wconf 88' lang='lat' dir='ltr'>olim</span> <span class='ocrx_word' id='word_1_253' title='bbox 442 3747 478 3814; x_wconf 87' lang='lat' dir='ltr'>(p.</span> <span class='ocrx_word' id='word_1_254' title='bbox 498 3751 531 3800; x_wconf 72' lang='lat' dir='ltr'>sl</span> <span class='ocrx_word' id='word_1_255' title='bbox 549 3745 628 3798; x_wconf 87' lang='lat' dir='ltr'>huius</span> <span class='ocrx_word' id='word_1_256' title='bbox 646 3743 802 3809; x_wconf 87' lang='lat' dir='ltr'>voluminis)</span> <span class='ocrx_word' id='word_1_257' title='bbox 821 3763 954 3814; x_wconf 74' lang='lat' dir='ltr'>repansum</span> <span class='ocrx_word' id='word_1_258' title='bbox 972 3743 1060 3808; x_wconf 84' lang='lat' dir='ltr'>vocis,</span> <span class='ocrx_word' id='word_1_259' title='bbox 1084 3743 1114 3797; x_wconf 90' lang='lat' dir='ltr'>id</span> <span class='ocrx_word' id='word_1_260' title='bbox 1132 3743 1207 3812; x_wconf 86' lang='lat' dir='ltr'>quod</span> 
     </span>
     <span class='ocr_line' id='line_1_31' title="bbox 59 3835 1207 3907; baseline -0.001 -17"><span class='ocrx_word' id='word_1_261' title='bbox 59 3837 276 3890; x_wconf 81' lang='lat' dir='ltr'>Lachmannrnn</span> <span class='ocrx_word' id='word_1_262' title='bbox 288 3853 398 3904; x_wconf 89' lang='lat' dir='ltr'>qnoque</span> <span class='ocrx_word' id='word_1_263' title='bbox 415 3838 549 3907; x_wconf 88' lang='lat' dir='ltr'>probasse</span> <span class='ocrx_word' id='word_1_264' title='bbox 562 3836 785 3906; x_wconf 85' lang='lat' dir='ltr'>Seugebnschius</span> <span class='ocrx_word' id='word_1_265' title='bbox 798 3838 894 3890; x_wconf 87' lang='lat' dir='ltr'>narrat</span> <span class='ocrx_word' id='word_1_266' title='bbox 911 3835 1090 3890; x_wconf 77' lang='lat' dir='ltr'>‘Homericae</span> <span class='ocrx_word' id='word_1_267' title='bbox 1107 3836 1207 3891; x_wconf 86' lang='lat' dir='ltr'>disser-</span> 
     </span>
     <span class='ocr_line' id='line_1_32' title="bbox 59 3927 1208 4000; baseline -0.002 -16"><span class='ocrx_word' id='word_1_268' title='bbox 59 3927 182 3984; x_wconf 83' lang='lat' dir='ltr'>tationis</span> <span class='ocrx_word' id='word_1_269' title='bbox 204 3929 384 3997; x_wconf 87' lang='lat' dir='ltr'>postcn&#39;oris’</span> <span class='ocrx_word' id='word_1_270' title='bbox 405 3947 432 3998; x_wconf 91' lang='lat' dir='ltr'>p.</span> <span class='ocrx_word' id='word_1_271' title='bbox 453 3936 493 3984; x_wconf 79' lang='lat'>³1.</span> <span class='ocrx_word' id='word_1_272' title='bbox 529 3929 589 3984; x_wconf 86' lang='lat' dir='ltr'>Nisi</span> <span class='ocrx_word' id='word_1_273' title='bbox 611 3933 683 3984; x_wconf 82' lang='lat' dir='ltr'>forte</span> <span class='ocrx_word' id='word_1_274' title='bbox 705 3930 798 3999; x_wconf 87' lang='lat' dir='ltr'>ipsum</span> <span class='ocrx_word' id='word_1_275' title='bbox 821 3929 895 3996; x_wconf 89' lang='lat' dir='ltr'>quod</span> <span class='ocrx_word' id='word_1_276' title='bbox 916 3930 1070 3998; x_wconf 87' lang='lat' dir='ltr'>expetimus</span> <span class='ocrx_word' id='word_1_277' title='bbox 1088 3941 1208 4000; x_wconf 64' lang='lat' dir='ltr'>watenes</span> 
     </span>
     <span class='ocr_line' id='line_1_33' title="bbox 60 4020 1206 4090; baseline 0.003 -18"><span class='ocrx_word' id='word_1_278' title='bbox 60 4023 270 4090; x_wconf 68' lang='lat' dir='ltr'>[successionne]</span> <span class='ocrx_word' id='word_1_279' title='bbox 288 4027 363 4076; x_wconf 78' lang='lat' dir='ltr'>annis</span> <span class='ocrx_word' id='word_1_280' title='bbox 380 4020 513 4090; x_wconf 84' lang='lat' dir='ltr'>scriptum</span> <span class='ocrx_word' id='word_1_281' title='bbox 535 4021 602 4088; x_wconf 83' lang='lat' dir='ltr'>fuit,</span> <span class='ocrx_word' id='word_1_282' title='bbox 625 4039 794 4090; x_wconf 86' lang='lat' dir='ltr'>quamquam</span> <span class='ocrx_word' id='word_1_283' title='bbox 814 4022 946 4089; x_wconf 87' lang='lat' dir='ltr'>loquendi</span> <span class='ocrx_word' id='word_1_284' title='bbox 967 4039 1069 4090; x_wconf 84' lang='lat' dir='ltr'>genero</span> <span class='ocrx_word' id='word_1_285' title='bbox 1088 4023 1206 4076; x_wconf 83' lang='lat' dir='ltr'>sortasse</span> 
     </span>
     <span class='ocr_line' id='line_1_34' title="bbox 60 4111 1206 4182; baseline -0.003 -14"><span class='ocrx_word' id='word_1_286' title='bbox 60 4114 160 4180; x_wconf 87' lang='lat' dir='ltr'>paullo</span> <span class='ocrx_word' id='word_1_287' title='bbox 183 4111 362 4180; x_wconf 85' lang='lat' dir='ltr'>exquisitiore</span> <span class='ocrx_word' id='word_1_288' title='bbox 390 4130 472 4180; x_wconf 88' lang='lat' dir='ltr'>qnam</span> <span class='ocrx_word' id='word_1_289' title='bbox 500 4115 574 4182; x_wconf 89' lang='lat' dir='ltr'>quod</span> <span class='ocrx_word' id='word_1_290' title='bbox 599 4115 628 4168; x_wconf 91' lang='lat' dir='ltr'>in</span> <span class='ocrx_word' id='word_1_291' title='bbox 658 4115 757 4168; x_wconf 86' lang='lat' dir='ltr'>Italum</span> <span class='ocrx_word' id='word_1_292' title='bbox 784 4117 910 4168; x_wconf 89' lang='lat' dir='ltr'>nostrum</span> <span class='ocrx_word' id='word_1_293' title='bbox 937 4115 1036 4168; x_wconf 84' lang='lat' dir='ltr'>cadero</span> <span class='ocrx_word' id='word_1_294' title='bbox 1064 4114 1147 4167; x_wconf 76' lang='lat' dir='ltr'>slicas.</span> <span class='ocrx_word' id='word_1_295' title='bbox 1173 4145 1206 4153; x_wconf 97' lang='lat'>-</span> 
     </span>
     <span class='ocr_line' id='line_1_35' title="bbox 61 4204 1207 4276; baseline 0.001 -17"><span class='ocrx_word' id='word_1_296' title='bbox 61 4205 195 4259; x_wconf 75' lang='lat' dir='ltr'>Ceterum</span> <span class='ocrx_word' id='word_1_297' title='bbox 219 4204 426 4273; x_wconf 87' lang='lat' dir='ltr'>Sengebnschio</span> <span class='ocrx_word' id='word_1_298' title='bbox 449 4209 521 4260; x_wconf 91' lang='lat' dir='ltr'>teste</span> <span class='ocrx_word' id='word_1_299' title='bbox 543 4206 633 4260; x_wconf 89' lang='lat' dir='ltr'>eidem</span> <span class='ocrx_word' id='word_1_300' title='bbox 654 4207 833 4260; x_wconf 87' lang='lat' dir='ltr'>Lachmanno</span> <span class='ocrx_word' id='word_1_301' title='bbox 855 4211 1002 4276; x_wconf 84' lang='lat' dir='ltr'>praeterea</span> <span class='ocrx_word' id='word_1_302' title='bbox 1024 4213 1079 4274; x_wconf 80' lang='lat' dir='ltr'>lpse</span> <span class='ocrx_word' id='word_1_303' title='bbox 1101 4206 1207 4275; x_wconf 84' lang='lat' dir='ltr'>placuit</span> 
     </span>
     <span class='ocr_line' id='line_1_36' title="bbox 61 4297 1205 4368; baseline 0.004 -18"><span class='ocrx_word' id='word_1_304' title='bbox 61 4315 111 4364; x_wconf 87' lang='lat' dir='ltr'>pro</span> <span class='ocrx_word' id='word_1_305' title='bbox 130 4302 191 4365; x_wconf 77' lang='lat' dir='ltr'>ipro</span> <span class='ocrx_word' id='word_1_306' title='bbox 211 4297 285 4364; x_wconf 91' lang='lat' dir='ltr'>quod</span> <span class='ocrx_word' id='word_1_307' title='bbox 297 4297 393 4350; x_wconf 85' lang='lat' dir='ltr'>statim</span> <span class='ocrx_word' id='word_1_308' title='bbox 405 4297 537 4364; x_wconf 74' lang='lat' dir='ltr'>sequitur</span> <span class='ocrx_word' id='word_1_309' title='bbox 561 4299 633 4352; x_wconf 84' lang='lat' dir='ltr'>Nam</span> <span class='ocrx_word' id='word_1_310' title='bbox 646 4301 740 4352; x_wconf 87' lang='lat' dir='ltr'>cetera</span> <span class='ocrx_word' id='word_1_311' title='bbox 751 4297 855 4353; x_wconf 91' lang='lat' dir='ltr'>ibidem</span> <span class='ocrx_word' id='word_1_312' title='bbox 867 4301 1085 4354; x_wconf 87' lang='lat' dir='ltr'>commemorata</span> <span class='ocrx_word' id='word_1_313' title='bbox 1096 4297 1205 4368; x_wconf 88' lang='lat' dir='ltr'>pridem</span> 
     </span>
     <span class='ocr_line' id='line_1_37' title="bbox 60 4389 364 4458; baseline 0.01 -18"><span class='ocrx_word' id='word_1_314' title='bbox 60 4389 121 4458; x_wconf 83' lang='lat' dir='ltr'>ipse</span> <span class='ocrx_word' id='word_1_315' title='bbox 141 4391 364 4458; x_wconf 68' lang='lat' dir='ltr'>occuparem]</span> 
     </span>
    </p>
   </div>
   <div class='ocr_carea' id='block_1_4' title="bbox 0 0 1500 5140">
    <p class='ocr_par' dir='ltr' id='par_1_4' title="bbox 0 0 1500 5140">
     <span class='ocr_line' id='line_1_38' title="bbox 0 0 1500 5140; baseline 0 1"><span class='ocrx_word' id='word_1_316' title='bbox 0 0 1500 5140; x_wconf 95' lang='lat' dir='ltr'> </span> 
     </span>
    </p>
   </div>
  </div>
 </body>
</html>
