2954 5134
367 365 524 416 mosrsu
546 365 899 417 nsurcunusssnusrs.
1138 361 1198 426 531

595 520 669 600 58.

152 667 252 734 Redeo
274 670 313 734 ad
337 670 606 760 comprobandam
620 671 789 737 Vrbinatis
811 672 1052 756 praestantiam.
1087 672 1201 736 Adhuc

80 778 153 844 enim
173 801 209 843 ex
235 780 305 864 ipsa
333 780 440 846 indole
468 781 761 866 supplementorum
791 783 1044 867 comparatisque
1066 782 1202 866 reliquo·

79 909 139 952 rum
158 889 295 956 codicum
317 892 435 956 mutuis
450 890 629 957 rationibus
645 879 861 976 argumentati
884 913 1001 957 sumus.
1035 889 1105 956 Neo
1127 913 1202 956 vero

79 999 236 1064 carbasina
262 1001 344 1066 alins
372 1001 499 1087 generis
528 1001 649 1066 indicia
677 1023 776 1086 eaque
810 1005 942 1066 externa
972 1001 1102 1085 desunt,
1134 1001 1201 1086 qui-

79 1105 127 1170 bus
146 1109 218 1174 fides
238 1111 325 1176 illius
348 1111 422 1176 libri
444 1116 535 1178 extra
557 1111 791 1178 dubitationem
813 1116 961 1196 ponatur.
999 1112 1043 1176 lit
1064 1112 1202 1196 primum

78 1217 188 1299 quidem
209 1219 246 1285 de
270 1221 403 1287 consilio
425 1221 642 1306 interpolandi
664 1223 829 1292 nonlicet
850 1221 1023 1306 suspicari,
1047 1221 1101 1286 ubi
1123 1221 1201 1305 ipsis

78 1327 164 1392 ocnbs
184 1333 316 1396 externa
338 1353 450 1397 caussa
473 1337 637 1418 comparet
664 1333 845 1418 elapsorum
866 1333 1033 1396 verborum
1061 1331 1111 1396 vel
1134 1353 1201 1396 ver·

77 1435 239 1504 siculomm.
284 1440 383 1506 Velut
409 1441 729 1508 homoeoteleuta
758 1445 885 1508 constat
911 1442 1105 1506 uberrimum
1132 1441 1202 1505 fon-

75 1549 130 1610 tem
156 1547 251 1614 luisse
279 1551 478 1616 lacunamm.
528 1551 607 1617 Eius
641 1553 780 1638 generis·
803 1551 960 1637 quaedam
992 1551 1138 1634 exempla
1166 1551 1201 1614 in

75 1675 157 1740 supra
187 1659 294 1724 allatis
328 1665 457 1726 exstant
485 1664 520 1748 (g
542 1663 573 1727 2.
595 1663 647 1748 3):
677 1663 740 1728 duo
767 1684 854 1727 nnnc
881 1661 1007 1727 addam.
1057 1661 1121 1744 ΠΙ,
1145 1661 1201 1726 7οε

74 1769 230 1844 φανέντων
267 1773 302 1836 δ’
335 1771 387 1837 ἐπὶ
423 1774 559 1853 θατέρου
593 1775 711 1855 μέρους
747 1773 887 1854 ὀρνίθων
925 1772 1044 1857 [οίων
1082 1771 1201 1836 αὐτὸς

74 1875 264 1959 ἐβούλετο,
298 1882 418 1948 πάλιν
449 1883 580 1950 ἐκεῖνο
614 1889 700 1968 διχῇ
734 1887 860 1970 διῄρει
890 1884 935 1948 τὸ
962 1882 1112 1964 χωρίον
1140 1883 1202 1946 καί

72 1988 152 2052 τοὺς
183 1990 352 2070 ὄρνιθας
388 1994 562 2075 διέκρινε
595 1995 688 2060 τοὺς
720 1994 1072 2073 παραγινομένους
1106 1994 1201 2058 κατὰ

72 2095 108 2159 τὸ
131 2099 232 2165 αὐτό.
278 2102 401 2188 ταύτῃ
429 2105 637 2184 χρώμενος
668 2109 711 2188 τῇ
742 2105 933 2185 διαιρέςει
959 2108 1037 2168 τῶν
1066 2103 1201 2167 τόπων

72 2209 124 2270 καὶ
142 2212 208 2289 τήν
230 2211 399 2293 έςχάτην
421 2211 498 2278 ὑπὸ
519 2217 597 2280 τῶν
621 2211 813 2300 ὀρνίθων]
836 2213 1080 2293 ἀποδειχθείςαν
1102 2211 1201 2292 ἄμπε·

71 2316 122 2381 λον
142 2317 291 2387 ὑπελθὼν
313 2325 377 2388 κτλ.
421 2322 569 2388 Servavit
590 2323 685 2406 haec,
708 2335 790 2407 quae
812 2321 854 2386 ab
876 2327 960 2386 ADP
978 2321 1106 2405 absunt,
1130 2343 1201 2386 cum

72 2427 117 2488 BG
139 2429 234 2494 eliam
254 2429 437 2497 Venetus
460 2433 623 2518 Sylburgii
646 2434 724 2518 (V),
755 2432 844 2496 cuius
873 2431 1013 2496 indolem
1040 2431 1086 2495 sic
1114 2431 1199 2516 licet,

70 2535 122 2600 nisi
146 2539 232 2604 fallit
258 2541 385 2626 opinio,
418 2543 567 2627 definire,
598 2547 635 2607 ut
661 2542 832 2627 persimilis
865 2542 907 2606 sit
934 2540 1138 2606 Ooisliniani:
1168 2541 1200 2606 id

70 2646 140 2727 quod
170 2649 310 2716 fortasse
343 2653 441 2717 ctiam
476 2653 511 2718 in
537 2653 752 2718 Romanum
785 2652 926 2717 codicem
953 2650 1116 2736 Sylburgii
1143 2651 1200 2737 (R)

69 2755 153 2820 cadit.
202 2759 272 2826 Soli
299 2765 408 2828 autem
436 2769 466 2828 B
492 2763 553 2829 hoo
586 2764 843 2848 supplementum
872 2761 1023 2826 debemus
1056 2761 1114 2845 IV,
1143 2762 1199 2826 58:

68 2867 110 2930 καὶ
135 2870 189 2936 ςὺν
222 2871 352 2938 τούτοις
379 2876 438 2954 τὴν
467 2873 634 2954 Ῥωμαίων
661 2872 952 2958 [ἰςοπολιτείαν
983 2871 1102 2937 duaci
1133 2890 1200 2952 χα·

68 2977 244 3059 ρίῑεςθαι,
286 2983 332 3047 οὐ
365 2985 417 3048 δι’
450 2983 611 3050 εὔνοιαν
649 2987 719 3065 τὴν
756 2985 856 3063 πρὸς
893 2983 984 3048 τοὺς
1018 2981 1199 3062 Γαβίους,

66 3083 141 3150 dll'
165 3089 232 3157 ἵνα
260 3094 330 3172 τὴν
357 3092 575 3178 Ῥωμαίων]
601 3095 776 3184 ἡγεμονίαν
798 3094 1046 3174 ἐγκρατέςτερον
1073 3093 1201 3171 κατέχοι

66 3197 121 3259 κτλ.
141 3195 204 3263 Vbi
222 3201 265 3265 ab
280 3202 374 3265 initio
394 3203 475 3282 ίνα,
497 3225 556 3287 pro
575 3205 636 3269 καί
658 3206 787 3267 exstans
808 3203 843 3266 in
858 3207 893 3286 P,
917 3223 934 3266 c
950 3201 1106 3286 Stephani
1124 3221 1200 3265 con·

65 3303 176 3372 iectura
198 3311 381 3394 profectum
403 3317 467 3396 est,
491 3313 625 3378 inferius
647 3315 755 3376 autem
776 3313 811 3376 in
833 3310 1009 3376 Reiskiana
1030 3313 1104 3394 post
1126 3309 1200 3376 ἀλλ’

64 3413 112 3478 ἵνα
131 3419 251 3484 temere
272 3421 409 3487 iteratur
431 3426 498 3490 ςὺν
519 3423 687 3490 τούτοις.
711 3459 754 3470 -
775 3419 850 3486 Non
870 3421 978 3485 minus
999 3420 1095 3484 fidem
1117 3419 1200 3484 codi-

66 3523 207 3594 cistella
235 3533 414 3615 testantur,
445 3533 480 3596 in
510 3532 623 3617 quibus
657 3533 792 3597 lacunae
820 3529 939 3595 indicio
967 3533 1017 3594 est
1037 3550 1201 3594 vacuum

64 3637 230 3716 spatium
252 3642 289 3706 in
312 3641 431 3707 chartis
453 3643 610 3707 relictum,
647 3639 726 3705 Eius
747 3639 833 3704 modi
856 3640 1035 3723 exemplum
1057 3659 1075 3702 e
1096 3637 1156 3720 III,
1179 3639 1200 3702 3

64 3753 382 3820 commemorabamus
410 3753 489 3836 §73
517 3751 653 3816 alterum
680 3755 701 3832 9
724 3751 745 3814 9
772 3749 923 3814 afferetur
951 3771 969 3813 c
991 3747 1023 3832 Ι,
1053 3748 1110 3832 723
1136 3749 1199 3810 ter-

63 3859 135 3926 tium
162 3863 221 3948 W,
244 3863 287 3929 63
316 3864 437 3926 exstat:
469 3863 521 3927 διὰ
550 3863 702 3938 γυναικὸς
734 3859 825 3942 ὕβριν
1028 3862 1084 3938 τῆς
1110 3859 1150 3936 ἣν
1179 3857 1198 3922 ὁ

64 3975 274 4054 τρεςβύτατος
295 3971 396 4037 αὐτοῦ
417 3975 485 4038 τῶν
507 3971 632 4037 παίδων
653 3971 766 4038 (thot
786 3971 976 4051 διέφθειρεν,
999 3967 1031 4030 ίι.
1049 3989 1077 4030 e.
1100 3965 1198 4028 inter·
1221 3979 1249 4026 ιι

62 4085 145 4160 prete
168 4081 347 4166 Bernaysio
368 4082 518 4159 γυναικὸς
540 4080 631 4162 ὕβριν
652 4083 838 4162 γαμετῆς,
858 4099 916 4164 pro
938 4097 999 4162 quo
1022 4075 1123 4138 solum
1142 4095 1198 4150 γυ-

62 4193 164 4256 ναικὸς
186 4193 279 4273 ὕβριν
301 4190 414 4275 reliqui
437 4191 510 4254 libri
532 4193 710 4254 servarunt.
