2976 5140
456 389 503 438 nu
526 391 596 440 ono
620 391 664 438 nr
687 391 828 440 onroun.
1152 378 1216 444 665

88 541 339 608 Philochorus
367 544 408 610 ἐν
430 551 483 629 τῷ
506 547 647 630 πρώτῳ
670 545 781 629 (immo
804 547 839 613 ἐν
862 549 984 632 πρώτῃ)
1008 551 1075 628 τῆτ
1104 549 1215 614 Ἀτθί-

162 660 245 719 hor:
274 677 304 717 v.
334 655 410 720 ἄττιι
437 655 538 737 623,
566 655 597 719 2.
643 655 816 740 Perpcrom
844 657 1026 742 Stephanus
1054 659 1214 746 ἑνδεκάτῃ.

162 763 244 828 Vide
265 764 418 828 Lenzium
433 787 464 849 p.
482 765 524 830 35
548 765 591 850 [ct
607 765 641 832 C.
659 765 848 830 Muellerum
870 767 923 831 Fr.
947 767 1023 831 hist.
1047 767 1063 831 Ι
1078 790 1109 852 ρ.
1127 767 1213 855 3841.

88 873 336 940 Philoxenus:
360 899 386 940 v.
408 877 513 956 ὑπήνη
535 876 622 958 524,
644 879 664 941 3
685 915 729 926 —-
749 878 791 944 ἐν
812 885 864 964 τῷ
886 880 976 960 περὶ
998 881 1216 944 διπλατιατ-

160 991 258 1066 pov:
294 1009 324 1049 v.
348 987 488 1066 ἀλακάτη
512 991 542 1068 5.
566 987 618 1070 24,
642 989 673 1052 3.
706 987 771 1052 ‘Sic
794 988 879 1052 enim
902 988 936 1052 in
959 987 1040 1052 Gud.
1065 1011 1096 1072 p.
1119 989 1172 1071 32,
1196 989 1216 1053 3

163 1095 267 1159 scribo
288 1117 346 1180 pro
361 1097 397 1162 ἐν
414 1103 461 1182 τῷ
483 1099 556 1178 περὶ
576 1098 763 1182 διπλατίοιν,
788 1101 883 1183 atque
905 1099 961 1162 illa
981 1099 1097 1180 forma,
1121 1121 1216 1182 quum

163 1205 239 1269 alibi
262 1227 300 1270 ex
330 1205 383 1269 Et.
407 1205 510 1291 Regio
533 1208 709 1287 Lorcherus
732 1209 867 1292 protulit
889 1209 922 1272 in
946 1207 1096 1274 Orionem
1119 1231 1151 1292 p.
1174 1209 1218 1272 24

163 1314 236 1378 adn.
259 1315 317 1398 56,
347 1339 422 1380 usus
444 1339 513 1382 sum
535 1339 631 1402 supro
659 1341 690 1401 p.
714 1319 766 1383 28.
790 1319 842 1384 65.
887 1318 1009 1384 Plureli
1031 1339 1162 1382 numero
1185 1323 1218 1383 ct

162 1427 384 1507 διπλατιατμότ
420 1429 453 1491 ct
488 1428 775 1508 ἀναδιπλατιοτμότ
812 1429 1143 1513 comprehenduntur,
1178 1429 1217 1492 do

163 1536 276 1620 quihus
300 1537 448 1602 Osunnus
475 1537 557 1602 dixit
579 1539 613 1603 in
637 1537 771 1602 Philem.
796 1561 827 1623 p.
851 1539 929 1622 311,
953 1543 1081 1623 praeter
1102 1539 1217 1604 verita·

162 1649 227 1709 tem
248 1645 460 1712 Philoxenum
487 1651 558 1731 περὶ
580 1652 815 1731 διπλατιατμῶν
844 1669 1072 1733 saepenumero
1094 1649 1218 1714 laudari

163 1755 204 1820 sb
231 1757 349 1822 Orione
373 1758 555 1840 affirmans,
584 1759 639 1844 qui
661 1759 788 1844 quidem
811 1757 968 1844 singulari
989 1781 1121 1824 numero
1145 1781 1218 1824 con·

163 1870 288 1932 stanter
309 1868 418 1936 utitur.
459 1866 518 1956 [De
540 1891 673 1934 numero
695 1870 812 1954 plurali
834 1869 919 1934 illius
941 1891 1036 1954 quum
1060 1891 1217 1934 commcn-

162 1977 236 2041 devi
269 1977 489 2063 inscriptionis
526 1979 666 2044 concedo
703 2001 768 2044 non
805 1979 965 2044 immerito
1001 1979 1140 2044 dubitari
1176 1981 1218 2044 eb

162 2087 295 2152 Osanno
327 2089 486 2154 Anecdoti
520 2089 658 2154 Romoni
689 2113 721 2174 p.
744 2091 824 2172 313,
858 2090 936 2154 item
963 2113 983 2154 ιι
1010 2089 1146 2154 Kleistio
1179 2090 1218 2154 do

162 2197 339 2263 Philoxeno
354 2221 385 2283 p.
405 2199 467 2289 12]
484 2201 582 2266 -ἐν
604 2208 655 2288 τῷ
678 2203 767 2282 περὶ
790 2199 884 2286 (udde
900 2202 969 2283 τῆτ)
993 2201 1116 2266 Ἰάδοι
1139 2207 1217 2267 δια-

161 2309 318 2374 λέκτους
342 2332 371 2372 v.
396 2309 528 2390 κρόττατ
552 2314 572 2392 5
594 2311 645 2394 24,
664 2311 695 2376 3.
741 2310 887 2374 Eundem
909 2309 1047 2374 indicem
1070 2309 1217 2375 Gudinno

163 2417 258 2482 redde
273 2441 305 2502 p.
322 2419 395 2502 348,
411 2419 451 2484 61
468 2442 527 2504 pro
542 2421 577 2486 ἐν
592 2427 638 2506 τῷ
654 2423 726 2501 περὶ
741 2421 830 2488 ἰάδοτ
845 2421 1012 2504 διαλέκτῳ,
1035 2443 1066 2504 p.
1083 2421 1157 2502 250,
1176 2423 1217 2486 63

162 2549 219 2614 ριο
242 2529 278 2595 ἐν
301 2535 339 2614 τῇ
361 2533 511 2611 περὶτῆς
534 2531 624 2596 Ιάδοτ
646 2531 787 2598 διαλέξει.
816 2569 856 2580 -
885 2531 926 2596 ἐν
949 2537 1001 2615 τῷ
1023 2531 1113 2612 περὶ
1134 2531 1217 2596 Ῥια-

162 2639 286 2716 μαίων
308 2641 537 2706 διαλέκτοοι
552 2663 582 2704 v.
600 2642 707 2720 ξέττητ
723 2645 743 2722 5
759 2641 810 2724 24,
827 2641 858 2705 3.
888 2639 927 2704 In
944 2639 1025 2704 Gud.
1043 2662 1074 2724 p.
1085 2641 1159 2724 414,
1175 2641 1219 2704 44

162 2771 270 2813 rursus
293 2753 461 2833 peccatum
484 2751 519 2817 ἐν
541 2757 587 2836 τῷ
609 2773 642 2815 π.
665 2752 708 2816 Ῥ.
722 2753 902 2818 διαλέξεωτ.
938 2749 1060 2814 Eodem
1082 2749 1218 2814 fortusse

163 2857 331 2924 referenda
352 2881 414 2924 vox
435 2861 646 2940 καμελαύκιον
669 2863 689 2940 ξ
712 2861 764 2943 24,
787 2861 807 2926 3
829 2863 960 2944 propter
983 2859 1061 2924 Ζοιι.
1085 2881 1117 2944 p.
1137 2859 1218 2925 1159

164 2969 312 3052 (Ῥωμαία
338 2971 441 3054 λέξιτ),
485 2969 626 3054 Vterque
655 2974 761 3034 autem
790 2969 1036 3034 commentarius
1058 2990 1123 3034 unu
1146 2991 1217 3034 cum

163 3079 233 3144 uliis
249 3079 468 3145 consimilibus
484 3081 644 3145 communi
660 3083 748 3160 περὶ
769 3081 989 3147 διαλέκτων
1012 3079 1118 3144 indice
1135 3101 1217 3144 com-

162 3189 370 3273 prehenditur
405 3191 438 3254 in
468 3189 550 3255 Gud.
585 3213 616 3274 p.
641 3191 719 3273 339,
752 3191 807 3274 13,
841 3211 934 3275 quem
963 3189 1089 3274 quidem
1122 3211 1218 3274 supro

163 3299 323 3383 posuimus
351 3322 383 3384 p.
406 3301 459 3365 28.
490 3301 542 3366 65.
570 3337 613 3350 -
640 3301 682 3366 ἐν
709 3307 760 3384 τῷ
789 3302 877 3382 περὶ
903 3301 1218 3382 μονοτιιλλάβων

165 3410 382 3492 (ῥημάτωνρ
406 3433 436 3476 v.
460 3411 606 3492 ζαχρειήε
628 3413 661 3474 et
683 3411 809 3490 ldlepoc
833 3414 853 3492 ἕ
875 3410 927 3492 24,
951 3411 982 3476 3.

86 3513 259 3603 Phlegon
281 3520 322 3587 ἐν
343 3521 610 3600 Ὀλυμπιάτιντ
634 3541 663 3584 v.
687 3521 811 3600 Ἀδρίατ
834 3520 921 3602 523,
945 3520 966 3584 2
988 3520 1023 3584 in
1046 3519 1114 3584 cod.
1139 3519 1217 3583 Dor-

164 3628 228 3692 vill.
252 3651 284 3713 p.
301 3628 381 3694 xm
397 3629 500 3695 Sturz.
522 3667 565 3680 —
587 3629 733 3694 Indidem
755 3634 863 3713 repete
886 3651 964 3712 quos
987 3630 1113 3713 §232
1136 3651 1218 3694 com·

163 3738 253 3820 posui
275 3739 458 3804 notationes
480 3741 645 3820 Ὀλυμπία,
669 3741 809 3820 ἀθλῆται,
831 3741 994 3820 γυμνὰτια

85 3845 351 3932 Phrynichus:
374 3871 404 3913 v.
428 3851 632 3930 Ἀθηναία(
655 3851 689 3936 (ξ
712 3851 764 3932 23,
788 3851 834 3934 3).
856 3888 900 3900 -
922 3849 971 3914 Of.
996 3854 1017 3931 ξ
1039 3850 1092 3934 21,
1114 3849 1144 3914 2.

85 3953 186 4022 Pius:
222 3981 252 4022 v.
284 3961 475 4040 περιρρηδὴς
503 3961 604 4041 525,
627 3960 657 4023 2.
705 3959 809 4024 Semel
831 3964 997 4043 praetereo
1019 3959 1218 4044 etymologus

163 4065 213 4132 Pii
250 4069 452 4150 ὑπομνήματι
490 4073 556 4152 (τῆι
588 4067 621 4134 π’
651 4066 841 4152 Ὀδυττείαι)
881 4092 956 4134 usus
989 4091 1021 4153 p.
1051 4069 1128 4150 821,
1163 4069 1217 4152 55,

163 4179 198 4240 ut
233 4177 324 4242 illum
359 4178 399 4242 de
436 4179 602 4259 ὡμήρητεν
634 4179 833 4244 notationem
868 4179 971 4243 cidem
1007 4179 1116 4242 deberi
1153 4179 1218 4244 Oro

164 4288 314 4371 suspicer.

85 4391 194 4460 Pluto
216 4399 259 4465 ἐν
281 4399 463 4484 (οφικτῇῑ
489 4421 516 4464 ν.
541 4399 662 4482 πόρκοτ
692 4399 727 4484 (ἓ
749 4399 802 4484 24,
825 4401 871 4486 3).
