2990 5140
285 319 345 380 ma
583 333 833 380 coaonmrnvn
856 331 1124 380 nrsrvrnrronrs

282 507 314 567 p.
338 485 411 566 596,
435 485 618 548 Fischenun
647 486 687 548 ad
709 484 841 547 Weller.
864 484 896 546 ll
920 507 951 566 p.
975 484 1026 564 33,
1051 483 1090 545 de
1112 483 1181 565 ipso
1203 485 1311 544 autem
1331 485 1413 563 βαίτη

284 595 412 657 nomine
432 594 590 657 Koenium
613 595 647 658 in
670 595 804 678 Gregor.
830 593 901 657 Cor.
925 615 957 675 p.
982 592 1054 656 287.

369 737 456 812 Quae
473 759 543 800 cum
566 738 611 799 ita
635 737 715 817 sint,
740 758 805 799 non
828 740 955 799 tantmn
977 735 1051 820 quid
1072 735 1224 818 rationis,
1249 735 1305 798 sed
1327 736 1416 797 etiam

285 847 358 930 quid
376 868 505 910 caussae
527 847 625 909 suerit
647 868 722 909 suae
739 845 901 909 cuiusdam
917 845 1118 908 coniecturae
1141 844 1417 908 commendandae.

285 979 302 1019 e
331 955 539 1038 Bernhardyo
568 955 711 1020 videmur
739 956 805 1019 iure
834 959 943 1018 nostro
971 976 1131 1038 quaerere.
1188 953 1274 1017 Nam
1301 954 1420 1018 ratione

285 1066 412 1149 quidem
447 1087 576 1148 prorsus
610 1087 732 1146 carere,
772 1065 855 1149 quod
889 1071 1014 1145 Concyb'
1045 1067 1228 1146 corruptum
1265 1085 1305 1126 ex
1338 1069 1422 1127 Eucti

285 1177 414 1239 nomine
445 1176 569 1257 putavit
597 1175 790 1238 Lobeckium
818 1173 993 1258 (Aglaoph.
1023 1174 1038 1236 Ι
1067 1196 1098 1256 p.
1128 1173 1205 1258 300)
1233 1177 1420 1237 antestatus.

287 1306 357 1347 cnm
392 1285 446 1346 alii
480 1306 629 1347 monuere
660 1289 727 1346 tum
755 1283 939 1346 Dindorfius
969 1283 1142 1366 perspexit.
1201 1281 1328 1365 Quippe
1361 1305 1423 1345 non

286 1393 465 1455 fabulosum
493 1395 691 1457 oraculorum
721 1393 917 1456 conditorem
948 1393 1135 1476 requirimus
1167 1392 1251 1455 sacri
1280 1391 1424 1454 vaticinii

287 1503 412 1564 arcanis
440 1493 637 1584 obvolutum,
675 1503 800 1585 qualem
832 1503 882 1565 vel
910 1502 1045 1565 Euclum
1078 1501 1167 1563 illum
1194 1501 1246 1562 vel
1273 1499 1424 1564 Bacidem

284 1612 421 1694 aliquem
453 1613 502 1674 rel
536 1612 699 1675 Musaeum
735 1612 929 1695 accepimuS,
965 1611 1019 1673 sed
1052 1610 1213 1673 hominem
1247 1610 1424 1673 litteratum

284 1721 350 1782 cius
366 1722 496 1798 aetatis,
520 1744 600 1804 quae
619 1724 651 1784 in
673 1723 771 1804 ipsius
788 1721 857 1784 luce
874 1720 1026 1783 historiae
1043 1721 1197 1783 collocata
1213 1719 1266 1782 sit.
1306 1719 1423 1783 Verum

284 1830 395 1891 relicto
419 1829 626 1913 Bernhardyo
648 1831 818 1894 videndrmr
841 1831 938 1893 etiam
965 1830 1004 1892 de
1027 1830 1109 1892 aliis.
1154 1829 1235 1903 Quid
1259 1833 1369 1892 autem
1391 1830 1421 1892 in

285 1942 445 2018 posterum
468 1939 654 2002 incredibile
677 1940 850 2020 videbitur,
875 1939 1023 2002 siluisse
1045 1937 1197 2020 audieriS,
1222 1937 1339 2020 quibus
1362 1961 1424 2002 cer·
1494 1960 1495 1965 ¹

284 2053 425 2110 tissimum
462 2048 622 2111 videretur
658 2053 815 2113 κονκυλου
849 2048 922 2132 (sic)
955 2052 1060 2110 ortum
1096 2069 1164 2110 esse
1195 2069 1212 2108 e
1246 2048 1422 2124 (ιμωνίδου

286 2156 401 2220 Kriou?
454 2155 571 2231 baiani
605 2158 754 2220 dixerunt
783 2181 821 2220 ex
850 2158 1077 2237 Ἀνακρέοντος
1110 2156 1207 2234 Τηίου
1235 2157 1286 2219 vel
1319 2158 1422 2221 lle'rcou
1493 2153 1494 2226 ζ

283 2265 472 2344 Ἑρμιονέω(
495 2267 621 2329 oram?
643 2289 775 2350 qnonun
798 2271 946 2330 neutrum
962 2270 1010 2328 est
1032 2267 1114 2348 quod
1137 2288 1204 2328 non
1219 2265 1334 2328 eadem
1356 2273 1422 2328 arte

285 2378 317 2436 et
339 2375 508 2457 disciplina
536 2377 751 2459 excogitatum
779 2378 821 2439 sit
850 2377 1007 2439 eisdemve
1036 2375 1245 2438 artificiorum
1267 2375 1424 2438 machinis

284 2484 412 2546 defcndi
440 2489 544 2566 queat.
591 2485 719 2548 llerixit
746 2485 925 2548 mehercule
948 2484 1131 2548 Marklandi
1161 2484 1214 2546 ille
1236 2491 1424 2550 causidicus

286 2597 376 2666 vafer
398 2600 457 2657 hic.

369 2735 450 2809 Quid
478 2740 584 2799 autem
605 2761 677 2818 nos,
709 2739 821 2820 quibus
844 2739 907 2801 iam
936 2760 1052 2822 graeca
1075 2739 1172 2800 verba
1198 2743 1421 2820 praestosum

285 2866 301 2906 e
329 2844 476 2909 Parisino
505 2846 612 2909 codice
639 2849 826 2929 protracta?
879 2848 919 2911 ln
953 2848 1066 2930 quibus
1100 2849 1125 2910 si
1157 2848 1312 2929 scriptmn
1343 2856 1422 2910 essct

233 2971 265 3018 aa
284 2955 470 3036 simpliciter
497 2958 547 3019 καὶ
576 2958 729 3040 Κογχύλῳ
758 2958 808 3019 vel
833 2959 1000 3041 Κογκύλῳ,
1032 2958 1081 3019 vel
1104 2957 1149 3019 sic
1172 2956 1422 3020 desideraremus

284 3065 484 3146 gentilicium
507 3087 638 3130 nomen:
667 3067 750 3128 ultra
774 3066 924 3151 progredi
947 3066 999 3128 rix
1023 3066 1220 3128 auderemus.
1267 3065 1329 3129 Sed
1350 3067 1421 3128 scri-

283 3177 374 3255 ptum
391 3179 438 3235 est
460 3197 508 3239 και
532 3197 591 3250 καγ
614 3177 665 3239 ἐπὶ
681 3179 843 3254 romulus,
868 3177 991 3238 adiecto
1014 3179 1179 3258 practerea
1196 3175 1313 3238 calami
1329 3178 1421 3238 ductu
1491 3219 1492 3226 κ

282 3282 409 3344 litterae
440 3285 596 3348 Arabicae
625 3285 737 3367 simili,
774 3286 827 3348 sed
862 3307 922 3368 quo
956 3285 1093 3348 discerni
1126 3287 1253 3347 tanturn
1282 3284 1374 3348 modo
1403 3307 1420 3346 a

283 3391 440 3473 prioribus
473 3417 589 3456 novam
621 3396 838 3458 narrationem
873 3394 1074 3474 crediderim,
1110 3415 1190 3476 quse
1227 3393 1267 3456 de
1299 3395 1420 3456 inter-

282 3502 462 3583 pretibus
486 3503 663 3566 Homericis
687 3504 836 3586 deinceps
860 3504 1012 3586 sequitur.
1050 3503 1110 3565 llla
1132 3505 1240 3565 autern
1269 3525 1336 3566 esse
1356 3502 1418 3564 eius

281 3611 383 3690 modi,
414 3614 450 3672 ut
476 3613 631 3694 gravioris
662 3613 793 3676 alicuius
823 3613 1020 3694 corruptelae
1049 3611 1134 3674 haud
1156 3612 1291 3675 obscura
1322 3611 1417 3695 signi-

283 3719 390 3780 ficatio
417 3721 488 3798 fiat,
519 3722 613 3785 facile
642 3723 751 3785 vident
778 3723 832 3804 qui
860 3722 973 3785 harum
1001 3722 1180 3784 litterarrun
1207 3727 1282 3784 srurt
1312 3721 1413 3805 periti.

284 3828 367 3891 Ecce
396 3833 516 3905 autem,
552 3854 733 3895 succurrere
762 3831 935 3894 haesitanti
966 3835 997 3892 ct
1031 3830 1070 3892 de
1098 3830 1236 3913 pristina
1266 3831 1414 3912 scriptura
1489 3885 1490 3888 ,

283 3939 451 4001 meditanti
474 3941 630 4022 marginis
646 3942 782 4022 notatio,
808 3964 917 4004 verum
937 3962 977 4002 nc
994 3961 1030 4002 ea
1054 3939 1181 4021 quidem
1202 3939 1340 4024 integra,
1362 3937 1412 3999 sed

283 4052 431 4111 truncata
454 4071 472 4110 a
497 4050 693 4134 bibliopego,
718 4074 798 4134 quae
818 4053 897 4114 haec
921 4073 988 4113 esso
1011 4049 1161 4114 (lramero
1183 4048 1253 4111 visa
1276 4053 1338 4112 est:

570 4207 651 4266 νοδα
675 4208 726 4277 Cur
749 4204 891 4283 τικόνκορ

837 4317 925 4377 λιωνι
