2976 5140
290 327 353 390 610
673 344 719 389 ou
744 344 813 390 οιιο
838 344 881 388 ar
904 344 1045 391 amous.

291 496 406 575 Ὠρίων
430 496 449 559 ὁ
472 497 623 577 Θηβαῖοι,
647 517 741 578 quam
764 495 798 558 in
814 497 912 577 Ὠρο(
934 497 953 560 ὁ
977 497 1130 575 Μιλήειοε
1152 497 1269 558 mutari
1289 496 1406 575 Ὠροτὸ

290 607 429 686 Θηβαία(
457 607 570 688 verba,
605 629 698 689 quem
732 605 769 668 ad
805 606 931 669 modum
965 607 1081 686 Ὠρίων
1115 607 1133 670 ὁ
1163 607 1301 688 Θηβαῖοί
1332 608 1408 670 etiam

290 739 321 798 p.
348 717 418 798 108,
441 717 484 780 40
512 717 645 800 legitur,
677 718 709 779 ct
731 740 762 800 p.
789 718 844 798 12,
868 718 907 780 31
932 717 1051 796 Ὠρίων
1080 717 1099 781 ὁ
1127 717 1334 795 έτυμολόγοε;
1358 739 1408 779 sae·

289 827 361 909 pius
390 827 475 890 enim
503 827 682 890 accuratior
711 826 839 890 Orionis
868 826 1013 890 definitio
1041 825 1199 910 quaedam
1226 848 1289 889 non
1315 825 1408 909 reperi·

289 940 352 1000 tur.
404 939 503 1022 Atqui
537 942 689 1021 quattuor
720 938 795 1001 illae
824 959 916 1000 voces
948 938 989 1000 ab
1018 937 1147 1001 Orionis
1176 937 1277 1000 lexico
1303 937 1407 999 absum.

290 1048 351 1131 Vt,
385 1049 460 1131 quid
495 1049 618 1111 consilii
652 1070 814 1131 caperem,
855 1048 1083 1131 propemodum
1116 1048 1332 1130 desperarem,
1363 1045 1409 1108 nisi

290 1161 504 1241 prosperrimo
542 1182 617 1221 casu
654 1159 780 1222 illarum
817 1159 947 1221 tertiam
984 1159 1121 1242 (τελετή)
1159 1157 1258 1220 etiam
1294 1156 1410 1220 zonara

290 1292 321 1352 p.
349 1271 430 1332 1718
452 1273 594 1351 teneret,
624 1291 752 1351 prorsus
781 1269 906 1352 quidem
930 1290 1105 1352 congruam
1134 1273 1263 1350 praeter
1283 1269 1410 1350 importu-

290 1402 365 1441 uum
389 1381 530 1460 Θηβαῑοε
553 1401 685 1459 nomeu,
715 1402 772 1462 pro
800 1403 861 1462 quo
884 1379 1003 1463 liquido
1026 1379 1198 1462 scriptum,
1228 1378 1310 1462 quod
1330 1378 1410 1460 ipsum

291 1491 538 1572 exoptabamuS,
571 1492 730 1567 Μιλήειοε.
775 1489 893 1564 Quodsi
921 1490 963 1552 ab
991 1512 1027 1552 ea
1051 1511 1143 1571 voce,
1172 1487 1269 1572 quam
1291 1509 1360 1551 sanc
1378 1487 1411 1548 ai-

291 1600 338 1661 hit
361 1601 529 1683 irapediret
551 1601 718 1684 quominus
741 1600 881 1682 potuisse
905 1599 1033 1664 Orionis
1056 1622 1124 1663 esse
1146 1603 1343 1683 putaremus,
1364 1619 1412 1659 cer·

289 1710 411 1773 tissime
440 1711 623 1774 testimonio
651 1710 838 1773 Thebanum
868 1711 1058 1774 removimus
1092 1709 1240 1794 (mirifice
1272 1709 1351 1773 enim
1375 1706 1412 1769 Pi·

290 1821 371 1882 nedo
393 1820 515 1883 fallitur
538 1821 571 1883 in
595 1821 705 1903 Steph.
730 1819 807 1903 Byz.
832 1845 863 1904 p.
888 1821 1013 1906 6941ι);
1037 1844 1113 1884 num
1136 1820 1273 1884 eundem
1296 1839 1410 1883 errorem

289 1931 503 1994 dubitabimus
526 1931 560 1994 in
583 1932 720 2015 reliquas
744 1931 821 1994 duas
850 1933 1042 2014 transferre,
1075 1930 1414 2016 ethnicographum

290 2046 451 2104 auctorem
479 2045 591 2125 suapte
619 2046 736 2105 natura
758 2042 969 2105 testificantes
998 2047 1030 2105 et
1058 2043 1148 2126 qiiasi
1174 2038 1415 2106 conclamantes?

290 2152 379 2214 Nihil
408 2152 508 2235 igitur
538 2175 595 2215 nos
623 2153 814 2234 morabitur,
844 2153 926 2235 quod
957 2176 1054 2216 rmum
1082 2153 1266 2236 refragatur
1293 2151 1415 2214 Zoname

290 2263 487 2345 cuempiam,
512 2263 615 2346 magis
640 2264 736 2326 etiam
759 2263 836 2326 illud
852 2263 1072 2346 suspitiosum,
1096 2262 1178 2347 quod
1202 2285 1274 2325 cum
1296 2263 1415 2340 Θηβαῖοι

289 2395 406 2435 nomen
429 2395 492 2435 mro
516 2373 667 2437 hocloco
691 2374 725 2436 in
748 2373 892 2437 Zonarae
915 2374 1017 2437 lexico
1040 2377 1160 2457 exstat,
1190 2377 1258 2436 tum
1287 2373 1353 2456 ipsa
1372 2390 1415 2448 μα·

289 2485 458 2565 νόφυλλον
488 2506 547 2546 vox
570 2506 630 2547 nec
660 2485 694 2547 in
723 2485 915 2568 reliquorum
943 2484 1007 2547 ullo
1029 2483 1325 2568 Etymologicorum
1350 2478 1413 2542 redit

290 2598 322 2657 et
353 2593 496 2657 Zonarae
527 2595 626 2677 ipsius
655 2618 718 2658 uuo
746 2595 920 2659 Dresdeusi
949 2595 1055 2658 codice
1089 2594 1216 2677 prodita
1249 2599 1308 2657 est.
1350 2590 1415 2664 Quo·

290 2709 420 2786 propter
442 2705 492 2768 bis
516 2709 601 2768 certe
623 2707 734 2788 paucis
761 2706 914 2788 exeurplis
942 2706 1051 2768 nescio
1080 2728 1121 2767 an
1149 2727 1215 2768 non
1238 2702 1356 2767 librarii
1377 2699 1415 2762 lit·

289 2819 429 2878 terarum
452 2817 570 2878 formas
594 2816 693 2896 Ὠροε
715 2820 746 2879 et
769 2818 885 2896 Ὠρίων
908 2816 1138 2899 permutarint,
1166 2815 1221 2878 sed
1244 2815 1306 2898 ipsi
1327 2831 1415 2898 baam-

292 2927 399 2989 matici
417 2927 515 2990 Orum
537 2931 569 2989 et
585 2928 735 2990 Orionem
757 2928 994 3012 grammaticos.
1031 2929 1137 3009 Atque
1157 2926 1242 2988 idem
1264 2921 1415 2988 caderem

241 3047 270 3091 Γ
292 3037 479 3118 scriptorem
496 3037 726 3100 coislinianam
748 3059 877 3100 necesse
899 3041 947 3099 est
962 3037 1019 3115 §4
1041 3039 1262 3118 memoratum,
1286 3037 1325 3098 ab
1345 3033 1415 3096 illia.-¹

291 3148 374 3209 modi
391 3149 527 3209 tortasse
546 3148 714 3231 exempliS,
733 3149 840 3230 (puilia
859 3148 952 3210 huius
970 3153 989 3228 ξ
1007 3147 1100 3211 initio
1113 3148 1205 3229 posui
1214 3198 1223 3228 ,
1242 3146 1414 3229 profectum.

376 3258 436 3322 aa]
460 3281 558 3320 ιιιιιιω
587 3258 766 3340 exemplum
795 3263 858 3341 cst,
887 3259 922 3320 in
949 3258 1034 3341 quod
1062 3281 1101 3320 ne
1130 3259 1210 3320 hacc
1233 3257 1356 3339 quidem
1375 3275 1414 3312 ac-

292 3370 484 3432 couumidari
507 3369 669 3432 excusatio
692 3374 813 3451 potest,
844 3369 951 3452 atym.
976 3368 1019 3430 M.
1044 3391 1076 3450 p.
1101 3368 1178 3452 7⁶24,
1202 3369 1238 3430 4:
1270 3368 1414 3432 (πιλάδει,
1479 3423 1480 3426 ,

291 3481 321 3543 αἱ
345 3480 465 3559 ὕφαλοι
487 3483 615 3559 πέτραι,
644 3482 716 3545 οἷον
747 3483 947 3544 ἀποεπάδεε·
977 3481 996 3557 ἢ
1025 3478 1074 3542 ὅτι
1101 3478 1281 3557 μελαίνεται
1302 3477 1337 3540 τὸ
1358 3473 1415 3537 κατ’

291 3592 388 3654 ebruc
411 3593 525 3669 μέρος,
556 3593 654 3672 Ιπαρὰ
682 3593 718 3654 τὸ
742 3595 867 3666 επῑλοε,
898 3592 916 3654 ὃ
940 3590 1079 3669 εημαίνει
1106 3591 1163 3654 τὸν
1187 3591 1291 3667 ῥύπον
1312 3585 1416 3648 addcc

292 3701 373 3762 (tud.
403 3702 482 3782 ιἰίλί),
514 3701 563 3788 ἳί,
594 3704 612 3779 ἢ
642 3703 717 3784 [ὅτι]
746 3703 983 3779 (πηλυγγώδειε
1016 3701 1090 3765 εἰεὶν
1121 3701 1151 3763 αἱ
1185 3702 1288 3763 κοῖλαι
1308 3699 1415 3772 πέτραι.

292 3813 378 3890 παρὰ
400 3814 438 3874 τὸ
468 3813 574 3875 επέοε.
620 3811 724 3875 οὕτω(
753 3813 877 3890 Ὠρίων,
921 3813 940 3875 ὁ
969 3813 1004 3875 δὲ
1026 3811 1142 3890 Ὠροε,
1172 3812 1261 3888 παρὰ
1286 3809 1321 3872 τὸ
1343 3803 1414 3868 λεπί-

292 3929 394 3986 lectar
419 3924 482 3984 ὑπὸ
506 3927 571 3986 τῶν
595 3924 743 4000 κυμάτων
766 3927 821 3999 τῆ(
845 3923 1015 4000 θαλάεεηε,
1044 3921 1143 3984 οἱονεὶ
1166 3921 1254 3984 λεπίε
1275 3938 1317 3982 π(
1340 3915 1413 3977 oum

292 4037 431 4106 Quocum
457 4032 679 4094 contundenda
701 4036 777 4094 sunt
799 4054 880 4114 quae
904 4054 934 4113 p.
951 4031 1024 4111 683,
1041 4032 1083 4094 35
1105 4029 1277 4092 traduntur
1295 4027 1333 4088 de
1349 4025 1414 4100 πόρ

292 4165 346 4219 κηε
381 4165 472 4208 ’τινος
507 4145 594 4222 παρὰ
626 4145 663 4206 τὸ
693 4145 865 4222 περιέχειν
899 4143 1004 4206 οὕτω(
1032 4140 1139 4219 Ὠροε.
1189 4141 1209 4204 ὁ
1239 4143 1273 4204 δὲ
1300 4137 1415 4214 Ὠρίων.

292 4252 357 4314 ἀπὸ
380 4259 437 4316 τοῦ
461 4257 569 4332 πείρω.
615 4253 708 4335 Apud
734 4254 885 4316 Orionem
912 4254 991 4315 baec
1019 4255 1148 4314 tantum
1176 4251 1277 4332 posita
1297 4269 1328 4328 p.
1355 4244 1414 4306 125.

292 4363 348 4422 al:
378 4365 513 4442 πόριτηε,
538 4365 556 4426 ὁ
580 4366 760 4436 δακτύλιοι,
789 4367 876 4443 παρὰ
903 4365 940 4426 τὸ
963 4363 1130 4441 περιέχειν.
1175 4360 1338 4436 Quocirca,
1363 4350 1414 4414 nisi
