2990 5140
460 345 496 392 ru
519 343 800 393 nursror‘uuunu.
1138 329 1198 392 211

51 503 166 575 ιδῆμον
188 473 377 578 ετραφέντεξ
399 495 464 575 ἅμα
485 497 522 562 τὸ
545 495 624 561 αὐτὸ
647 497 761 572 ἔλεγον
784 499 833 561 καὶ
856 497 998 578 (τροφὴν
1015 499 1065 562 καὶ
1088 499 1200 576 προοί-

71 628 144 682 μιον.
186 608 298 672 Ἕνεκα
320 608 376 685 μὲν
399 611 466 672 τῶν
490 607 684 686 εὐχαρίετιιιν
706 611 805 672 ταῦτα
827 607 951 687 ἐγράφη
972 628 1039 686 μοι·
1062 606 1200 687 drebod-

71 723 157 782 τετθε
183 717 218 780 δέ
246 718 296 780 καὶ
325 715 412 794 ὑμεῖς
433 716 569 790 τούτων,
591 717 771 794 γεννήματα
793 717 930 795 ἐχιδνῶν
952 719 1002 780 καὶ
1024 717 1198 796 ἀχάριετοι.

71 827 203 904 Φάμενοι
224 828 259 890 δέ
282 827 331 890 καὶ
355 826 393 890 τὸ
416 827 512 902 γένοε
527 829 586 890 τοῦ
606 829 742 904 ποιητοῦ
764 826 815 890 καὶ
836 827 893 890 τὸν
909 827 1030 891 εκοττόν
1044 830 1102 890 τοῦ
1124 827 1199 905 δρά-

70 956 174 1015 ματοε,
202 935 387 1014 χωρίειιιμεν
416 936 469 999 ἐπὶ
495 937 553 1015 τήν
581 939 640 1000 τοῦ
669 936 816 1014 κειμένου
844 937 950 1015 ταφὴν
978 936 1029 1000 καὶ
1062 936 1200 1014 exotium

41 1071 60 1104 ιι
71 1047 160 1111 τινῶν
181 1045 416 1124 ἀναπλήρωειν.

146 1239 294 1323 Sequitur
315 1239 349 1303 iu
373 1238 481 1303 codiee
502 1241 599 1316 γένοε
626 1241 888 1322 Ἀριετοφάνουε,
911 1239 1026 1304 deinde
1047 1241 1200 1306 Πλούτου

71 1349 222 1426 undasne,
246 1353 313 1412 turn
336 1371 443 1414 versus
466 1354 531 1413 tres

148 1459 260 1539 Βίβλοε
281 1461 366 1534 ἐγὼν
389 1459 493 1539 εχεδίη
516 1460 772 1540 πρωτόγραφοε,
795 1459 896 1538 αὐτὰρ
917 1461 936 1524 ὁ
959 1461 1109 1538 Ῐζέτζηε,

147 1569 385 1648 Φαυλογράφοε
407 1590 468 1648 περ
490 1570 566 1646 ἐὼν,
588 1569 828 1649 πρωτογμὰφοε
850 1570 939 1634 ἔικεν
960 1571 1062 1648 ἐμεῖο·

187 1678 335 1758 (ιἰμβολα
357 1680 384 1742 δ’
406 1681 554 1761 είεοραᾷε
576 1679 649 1742 πᾶε’
671 1680 833 1758 άμίγνωτα
853 1681 943 1744 τάδε;

71 1808 139 1868 quos
160 1791 225 1851 tres
248 1787 376 1852 fabulae
399 1787 527 1870 Plutus,
552 1787 676 1870 Nubes,
701 1787 813 1852 Ranae
834 1789 1009 1873 (ra-105)
1025 1789 1199 1872 excipiunt.

71 1896 202 1960 t'ehedae
228 1898 287 1962 106
310 1898 448 1980 priorem
470 1898 625 1982 paginam
640 1897 791 1981 Equitum
812 1903 1035 1982 argumentum
1051 1902 1084 1962 et
1106 1897 1200 1982 prinri

70 2006 197 2090 quinque
212 2007 313 2090 ipsius
328 2007 457 2070 fabulae
473 2028 581 2070 versus
596 2011 772 2090 occupant,
791 2007 825 2070 in
841 2007 942 2070 altera
958 2011 1064 2070 autem
1079 2007 1200 2092 pagina

71 2135 168 2178 versus
197 2115 364 2180 Tzetziani
391 2115 558 2199 leguntur,
588 2115 701 2199 quibus
729 2121 953 2200 argumentum
982 2117 1099 2180 Avium
1127 2137 1199 2180 eon-

70 2223 195 2308 tinetur,
221 2225 405 2308 praemissis
428 2225 499 2288 aliis
522 2225 725 2308 quibusdam,
750 2247 882 2308 quorum
904 2223 965 2288 hue
986 2229 1035 2288 est
1056 2225 1198 2288 initium:

72 2333 186 2412 tondet
223 2338 328 2415 δρᾶμα
364 2335 502 2414 κωμικὸν
535 2335 800 2416 Ἀμιετοφάνουε·
836 2336 1048 2413 γραμματικὸε
1083 2335 1201 2402 Βυζάν-

70 2463 143 2522 uer,
178 2443 282 2524 οὗπερ
304 2445 534 2526 Ἀριετοφάνηε
563 2445 685 2524 ἔγραψε
712 2447 772 2523 τὴν
801 2443 961 2518 ὑπόθεειν,
990 2445 1008 2522 ἣ
1031 2445 1128 2508 κεῖται
1154 2447 1200 2528 τῷ

71 2555 180 2636 βιβλίῳ.
223 2555 358 2632 Τῑέτζηε
386 2555 423 2618 τὸ
451 2557 555 2634 δρᾶμα
582 2543 680 2619 τοῦτο
708 2556 744 2618 δὲ
772 2555 886 2618 enula
913 2553 964 2618 καὶ
992 2553 1122 2632 ἐξαίρει,
1156 2553 1200 2617 ὼε

70 2661 289 2742 Λυτιετράτην,
323 2665 500 2744 Ἀχαρνεῖε,
534 2663 667 2744 Εἰρήνην
700 2683 734 2728 τε
767 2665 818 2728 καὶ
844 2662 933 2728 ἄλλα
984 2661 1107 2726 Sebeda
1142 2663 1199 2726 107

71 2793 144 2834 saec.
161 2771 223 2836 XV
247 2772 405 2856 scriptura
426 2775 536 2836 vacat:
562 2773 621 2836 108
637 2794 662 2835 r.
686 2771 721 2836 in
742 2770 880 2835 seeundo
895 2771 1012 2834 Avium
1035 2791 1126 2834 versu
1148 2770 1200 2834 de-

70 2879 153 2963 sinit,
180 2881 304 2966 reliqua
332 2883 417 2946 enim
440 2881 502 2946 ista
525 2881 706 2966 argumenti
728 2880 900 2963 descriptio
922 2883 1073 2962 occupat:
1098 2881 1156 2942 108
1170 2901 1199 2942 ν.

72 2991 340 3056 commentariolos
368 2991 596 3076 grammaticos
625 2991 779 3054 eontinet.
824 2989 911 3064 Quae
939 2989 1066 3072 quidem
1093 2989 1201 3052 omnia

70 3099 125 3182 ita,
148 3105 182 3164 ut
204 3101 241 3164 in
257 3101 364 3165 codiee
385 3101 564 3185 perscripta
579 3103 669 3182 sunt,
694 3099 843 3183 apposui,
866 3103 903 3162 ut
917 3099 951 3162 in
967 3099 1104 3182 reliquas
1125 3121 1199 3182 ηαο-

70 3231 138 3290 que,
161 3216 218 3274 aut
240 3211 275 3275 in
298 3210 404 3294 plures
426 3213 511 3274 certe
534 3232 628 3294 quani
651 3209 686 3272 in
707 3213 773 3272 tres
795 3209 882 3291 illas,
906 3207 1058 3272 aTzetza
1080 3208 1201 3272 scholia

70 3319 158 3382 tuisse
186 3320 364 3403 composita
391 3319 608 3404 intelligatur:
636 3319 733 3382 immo
761 3318 813 3382 vix
841 3317 951 3382 dubito
977 3317 1053 3400 quin
1076 3317 1201 3400 inipso

71 3427 185 3512 codiee,
220 3451 239 3492 e
266 3450 328 3512 quo
356 3429 587 3492 Ambrosianus
620 3427 798 3510 descriptus
826 3431 890 3508 est,
925 3430 980 3490 aut
1008 3447 1117 3490 omnes
1146 3431 1201 3490 aut

70 3536 167 3616 plures
183 3538 313 3602 fabulae
328 3537 510 3620 extiterint,
535 3559 551 3601 e
574 3537 688 3622 quibus
708 3537 873 3618 librarius,
898 3535 1104 3618 complurium
1129 3557 1201 3618 poe-

70 3649 166 3711 tarum
196 3647 341 3712 cannina
370 3647 617 3730 compositurus,
652 3668 705 3710 eas
738 3667 819 3729 quae
852 3645 989 3708 maxime
1023 3645 1202 3708 celebratae

70 3761 156 3820 eraut
182 3757 426 3840 deprompserit.
478 3756 522 3820 Et
555 3760 667 3820 extant
699 3755 836 3818 fortasse
864 3755 980 3818 Avium
1015 3755 1136 3818 scholia
1167 3755 1201 3818 in
1222 3767 1269 3813 ινα

70 3865 171 3929 codiee
194 3865 352 3930 Vrbinate
379 3867 453 3948 141,
483 3887 544 3946 quo
567 3887 640 3930 usus
669 3867 718 3928 est
746 3864 900 3928 Kusterus
923 3863 979 3947 (ef.
1003 3865 1070 3928 eius
1098 3865 1198 3948 praef.

69 3971 99 4034 in
126 3975 319 4060 Aristoph.).
370 3973 482 4058 Neque
510 3974 595 4038 euim
623 3977 707 4056 erat,
737 3995 792 4036 eur
820 3975 896 4038 Otto
924 3973 1135 4038 Schneiderus
1162 3972 1201 4036 de

70 4086 141 4146 vett.
165 4085 201 4148 in
217 4083 382 4168 Aristoph.
407 4083 517 4148 schell.
541 4085 641 4166 font,
665 4083 718 4166 qui
742 4105 798 4146 suo
820 4083 946 4166 quidem
961 4083 1044 4164 iure,
1067 4085 1103 4144 ut
1124 4085 1202 4146 tune

132 4274 156 4322 6.
169 4269 412 4336 ἀποδρεπέεθεεαν
430 4267 489 4324 cod.
526 4269 568 4324 Αιι
586 4269 704 4324 voluerit
722 4269 990 4336 duutprntrduscuv?
1047 4273 1072 4324 9.
1086 4267 1201 4338 [εαφὴνι

71 4361 100 4412 ei.
117 4379 143 4430 p.
166 4369 222 4426 113,
240 4369 264 4416 3.
303 4368 358 4423 115,
376 4370 399 4416 3.
436 4362 528 4432 Ru]

940 4447 1001 4512 14*
