2942 5134
276 368 313 417 m
335 367 471 418 sarran
493 365 576 416 lov.
600 367 735 417 mesas
757 347 948 418 ael-261.
1127 349 1190 418 369

49 545 64 584 a
89 522 243 607 graviore
271 525 304 586 et
332 523 535 606 exquisitiore
563 543 681 606 genere
709 521 900 588 descendere
930 522 970 585 ad
1002 522 1129 586 tenuius
1158 527 1190 586 et

49 632 201 716 ieiunius,
226 633 258 696 id
281 655 356 697 vero
378 637 473 717 poeta
495 634 629 718 dignum
651 656 717 698 non
740 638 798 698 est.

127 742 194 806 Tot
220 742 321 828 igitur
346 747 476 828 tamque
505 765 620 828 graves
649 743 817 808 dubitandi
840 765 970 808 caussae
993 765 1063 808 cum
1089 765 1189 808 unum

49 853 245 937 eundemque
272 875 398 916 versum
426 875 625 917 communem
654 854 761 918 aedem
794 853 951 936 habeant,
985 854 1037 918 vix
1071 854 1190 936 poterit

48 967 156 1026 nostra
173 963 335 1028 sententia
357 963 392 1027 in
407 963 598 1027 temeritatis
614 964 732 1027 crimen
750 964 928 1046 incurrere,
952 965 1006 1048 qui
1029 964 1069 1027 de
1091 965 1189 1028 iuter·

49 1073 201 1155 potatoris
229 1073 341 1137 fraude
369 1074 557 1157 suspicetur.
602 1073 686 1138 Nam
714 1097 780 1138 non
802 1097 879 1138 sane
907 1075 989 1138 liber
1009 1075 1067 1139 tali
1096 1074 1189 1158 culpa

49 1182 72 1246 is
97 1183 278 1267 videbitur,
310 1184 364 1268 qui
397 1205 463 1248 non
496 1189 623 1248 tantum
654 1187 722 1248 tam
755 1185 873 1249 bonum
901 1206 1027 1248 versum
1055 1206 1189 1270 vereque
1213 1197 1238 1248 tl

50 1293 271 1378 Aeschylium,
300 1295 403 1378 qualis
432 1295 486 1358 ille
510 1299 558 1359 est
579 1298 719 1374 μήλοιειν
742 1295 949 1375 αἱμάαοντα(
972 1296 1071 1360 {trior
1093 1299 1188 1372 θεῶν,

49 1403 198 1468 licentius
227 1405 393 1468 damnavit
419 1405 499 1470 duce
521 1403 736 1488 Blomfieldio,
765 1405 820 1470 sed
851 1409 975 1470 suomet
997 1405 1129 1469 consilio
1153 1406 1189 1468 in

50 1505 189 1577 eiusdem
217 1515 365 1599 supplicii
391 1515 577 1579 societatem
609 1517 706 1579 etiam
728 1516 849 1580 duobus
877 1515 1029 1599 proximis
1058 1515 1189 1579 adscitis

50 1623 124 1687 nihil
155 1624 271 1708 reliqui
303 1625 383 1688 feeit
410 1645 448 1688 ex
475 1625 637 1690 tralaticia
669 1627 815 1690 ubertate
844 1629 971 1709 praeter
1004 1625 1083 1689 haee
1109 1625 1188 1689 satis

49 1735 221 1799 macilenta
241 1735 361 1800 frusta:
436 1745 441 1759 “

251 1897 287 1962 εὖ
310 1899 533 1976 ξυντυχόντων
555 1897 607 1961 καί
629 1897 756 1962 πόλεως
778 1899 972 1977 τετωεμένη(

251 2009 381 2088 λάφυρα
403 2010 493 2090 δᾴων
515 2007 708 2088 δουρίληφθ’
731 2009 841 2083 ἁγνοῑτ
864 2007 974 2086 δόμοι(

250 2119 358 2198 (τέψω
382 2119 446 2197 πρὸ
469 2121 559 2183 ναῶν
582 2117 745 2195 πολεμίων
768 2117 932 2196 έτθήματα.

51 2281 134 2358 Quae
155 2285 269 2368 quibus
291 2285 363 2350 aliis
377 2285 587 2350 incommodis
601 2287 764 2370 laborent,
788 2285 873 2348 infra
894 2285 1078 2369 apparebit:
1101 2307 1187 2349 nunc

50 2415 144 2457 unum
168 2393 228 2458 hoo
257 2395 454 2480 quaerimus,
483 2418 545 2481 quo
572 2396 640 2460 iure
669 2417 769 2479 queve
798 2395 1025 2477 probabilitate
1048 2395 1187 2479 ipsorum

50 2505 275 2569 sacrificiorum
297 2506 426 2589 sponsio
449 2506 489 2570 ab
512 2505 653 2570 Eteoclis
674 2509 748 2570 roto
769 2508 971 2590 segregetur,
999 2526 1126 2589 prorsus
1149 2526 1187 2570 ea

51 2615 88 2677 ad
115 2636 220 2680 rerum
249 2615 471 2681 condicionem
497 2616 744 2699 sollemnemque
777 2615 813 2679 in
841 2635 878 2679 eo
910 2637 1028 2701 genere
1058 2637 1187 2680 consue-

49 2724 190 2790 tudinem
218 2726 388 2811 apposita‘?
432 2724 495 2792 Sed
522 2729 632 2805 μήλοις
660 2747 736 2790 sane
765 2727 801 2788 ut
829 2724 937 2789 dedite
965 2747 1062 2810 opera
1089 2725 1187 2790 etiem

50 2837 176 2914 ταύρων
198 2837 320 2900 mentio
342 2835 524 2919 accederet,
549 2857 609 2899 nec
630 2835 774 2919 profecto
796 2857 853 2919 per
869 2857 903 2900 se
925 2836 991 2900 ulla
1012 2835 1186 2900 necessitas

48 2944 110 3007 fuit
132 2949 163 3009 et
184 2967 221 3011 eo
249 2947 356 3011 minue
384 2968 515 3012 caussae
542 2947 723 3028 inventum,
752 2967 815 3030 quo
842 2947 975 3012 certiore
1003 2945 1187 3030 grammati-

51 3075 157 3120 corum
183 3057 368 3121 testimonio
391 3060 518 3121 constat
546 3057 616 3140 ipso
638 3059 747 3136 μήλων
770 3056 899 3120 nomine
928 3056 1024 3120 boves
1047 3077 1187 3139 compre-

49 3165 163 3230 hensos
178 3189 245 3230 esse
267 3169 356 3246 παρὰ
377 3173 444 3232 τοῖς
467 3167 624 3248 ἀρχαίοις
648 3166 687 3230 de
709 3186 770 3249 quo
791 3169 933 3231 veterum
948 3165 1186 3231 observationes

50 3273 90 3338 ab
127 3277 271 3360 Augusto
303 3275 450 3341 Nauekio
487 3276 677 3361 compositas
713 3275 838 3340 hebetis
876 3275 1102 3360 Aristophanis
1138 3275 1186 3339 sui

49 3405 80 3466 p.
100 3385 159 3448 197
174 3408 241 3470 rqq.
286 3385 399 3470 Iteque
421 3387 482 3450 hoc
504 3386 558 3471 qni
582 3387 637 3450 aut
660 3406 725 3450 non
747 3384 945 3450 meminisset
967 3387 1023 3448 aut
1044 3385 1186 3467 exposite

50 3496 81 3556 et
103 3498 210 3577 aperte
233 3495 461 3560 declarandum
483 3498 627 3578 putaret,
658 3495 698 3559 ad
719 3495 872 3558 maiorem
895 3493 1018 3558 seilicet
1040 3493 1186 3578 magnifi-

51 3603 187 3668 centiam
213 3605 363 3670 sacrifieii
385 3605 549 3670 notionem
572 3603 763 3669 adducturus
785 3604 880 3669 facile
904 3627 975 3668 eum
998 3603 1186 3668 versiculum

50 3713 263 3798 confingebat,
288 3737 381 3799 quem
402 3715 610 3780 manifestum
633 3717 682 3778 est
704 3713 876 3778 conflatum
898 3737 966 3778 esse
988 3735 1004 3778 e
1025 3713 1185 3798 Sophoclii

49 3830 272 3901 ταοροκτονεῑν
288 3825 376 3889 verbi
392 3825 612 3890 recordatione
635 3823 871 3908 adsumptisque
886 3845 903 3887 e
918 3823 1079 3908 superiore
1094 3845 1186 3888 versu

49 3936 183 4016 θεοῑειν,
210 3955 246 3998 ex
268 3935 377 4019 paullo
404 3935 555 3999 inferiore
583 3936 768 4014 ἐπεύχετθαι
791 3933 968 3998 vocabulis:
996 3933 1057 3998 hoo
1079 3937 1185 3996 autem

50 4043 208 4123 postremo
228 4065 269 4108 ne
292 4045 371 4108 setis
394 4043 556 4108 commode
578 4041 721 4128 quidem,
744 4043 807 4107 nisi
834 4043 986 4106 fallimur.
1031 4040 1184 4104 Nolumus

49 4151 82 4213 in
112 4149 304 4218 cohaerere
333 4155 488 4218 morosius
515 4153 614 4239 quod,
649 4153 708 4216 etsi
736 4153 895 4237 ‘precari’
925 4157 957 4215 et
983 4152 1125 4230 εὔχετθαι
1153 4153 1186 4213 et

48 4261 232 4338 ἐπεύχεεθαι
253 4264 374 4328 dictum
389 4285 457 4328 esse
473 4266 615 4344 constet,
638 4265 747 4326 tamen
764 4263 805 4327 od
828 4261 996 4326 ‘vovendi’
1019 4261 1185 4325 notionem

48 4369 157 4452 ipsum
182 4375 308 4439 verbum
330 4374 539 4458 compositum
561 4371 691 4436 omnino
718 4395 783 4437 non
810 4376 858 4435 est
880 4393 899 4434 a
921 4369 1054 4456 tragicis
1084 4369 1185 4455 poetis

104 4489 152 4525 rs.
169 4491 327 4530 srrscasau
347 4493 492 4529 crascone
512 4494 530 4527 ι.
941 4474 983 4536 24
