2990 5140
435 379 471 424 m
493 376 776 426 aarsrocnasmr.
1113 364 1173 426 221

73 534 160 594 erulos
171 530 213 593 illi
224 529 369 594 dicuntur
377 553 407 613 p.
424 531 493 612 1111,
507 531 537 592 2.
555 529 644 604 Quod
660 534 765 593 autern
782 529 1037 594 Heliodorum
1054 553 1176 616 quoque

71 641 140 702 inter
153 641 341 724 antiquos,
358 640 471 723 quibus
483 639 600 702 Tzetza
615 662 689 703 usus
703 638 811 720 fuerit,
829 641 934 704 fontes
950 640 1175 726 recensuimus,

71 749 242 812 mirabrmtur
262 749 374 832 quibus
395 749 434 812 de
458 747 638 832 Byzantino
661 748 848 829 Heliodoro,
876 749 1022 833 Dionysii
1043 751 1176 814 Thracis

71 857 232 941 scholiasta,
247 859 403 942 persuasit
417 857 612 922 Ritschelius
627 858 666 922 de
682 858 781 922 schol.
798 857 903 922 Plaut.
920 882 951 942 p.
973 861 1042 940 147,
1060 861 1174 924 Doroll.

70 989 94 1048 p.
114 967 131 1030 9
148 990 209 1052 sqq.
251 967 334 1032 Nam
360 990 432 1032 cum
453 967 617 1032 Heliodori
640 968 769 1032 nornine
797 967 985 1052 inscriptam
1014 969 1048 1032 in
1077 973 1177 1032 artem

71 1075 193 1158 Dionysii
207 1079 460 1160 annotationem,
484 1077 619 1142 similem
635 1077 679 1160 ei,
702 1099 796 1161 quarn
812 1077 881 1141 sine
897 1079 1025 1142 nomine
1041 1080 1176 1161 positam

70 1185 150 1248 habes
174 1187 252 1270 apud
273 1187 454 1251 Beklremm
477 1187 600 1251 Anecd.
632 1210 662 1271 p.
688 1187 766 1269 797,
797 1188 919 1252 videret
946 1211 965 1251 a
988 1187 1178 1252 Villoisonio

71 1296 294 1380 sinecdgraec.
312 1297 344 1360 Π
368 1319 398 1380 p.
419 1297 477 1360 123
500 1319 517 1359 e
541 1297 648 1360 codice
671 1296 835 1360 Marciano
859 1298 1033 1380 prolatam,
1057 1297 1091 1362 in
1115 1299 1178 1362 alio

69 1411 156 1468 autem
182 1405 322 1490 Dionysii
355 1406 475 1470 scholio
504 1404 604 1470 Bekk.
634 1405 756 1470 Anecd.
792 1430 822 1491 p.
855 1407 914 1471 161
943 1413 975 1470 11
1002 1429 1040 1471 ex
1069 1408 1175 1471 eodem

69 1511 209 1579 llareiano
231 1517 338 1580 codice
360 1515 485 1580 ViDois.
510 1515 541 1579 Π
564 1539 596 1599 p.
616 1515 676 1580 182
698 1537 768 1579 earn
791 1539 884 1600 quam
909 1515 948 1579 ad
971 1516 1178 1581 Heliodorum

68 1621 163 1686 Tzetra
192 1625 286 1689 refert
326 1625 520 1690 sententiam
557 1625 732 1708 expositam
770 1625 1054 1710 animadverteret,
1094 1627 1177 1690 hunc

69 1728 276 1798 Bellerianum
299 1735 508 1818 interpretem
531 1735 634 1818 ipsum
655 1733 860 1798 Heliodorum
883 1758 1015 1820 eumque
1039 1757 1108 1800 cum
1131 1759 1178 1799 re-

67 1839 142 1922 liquis
157 1843 294 1928 Dionysii
319 1845 546 1927 interpretibus
569 1845 604 1908 in
620 1843 871 1928 Byzantinomm
897 1845 1177 1929 grammaticorum

66 1970 176 2016 numero
196 1947 377 2036 planandum
400 1975 467 2018 esse
491 1953 657 2018 conclusit.
703 1955 822 2018 Contra
844 1977 938 2038 quam
961 1954 1177 2020 ratiocinatio·

67 2078 125 2120 nem
149 2083 223 2144 quae
249 2063 476 2147 Bernhardyus
503 2086 534 2146 p.
558 2065 621 2128 832
645 2087 691 2148 sq.
721 2065 861 2146 monuit,
891 2065 930 2128 iis
958 2069 1030 2149 post
1059 2065 1177 2128 editum

66 2189 192 2248 graecmn
214 2173 477 2237 commentarium
500 2173 570 2258 (illa
594 2175 679 2236 enim
702 2175 741 2237 de
763 2174 883 2237 scholio
899 2173 1049 2237 Plautino
1071 2175 1177 2258 dispu-

66 2282 242 2366 1111111111)
270 2283 394 2347 nullam
421 2283 557 2367 amplius
585 2282 648 2346 vim
680 2283 798 2346 tribuet
825 2285 873 2346 vir
906 2285 1064 2367 egregius,
1117 2285 1178 2348 Sed

65 2385 271 2456 dubitationem
305 2393 425 2456 excitat
458 2393 629 2458 coniuncta
663 2392 865 2476 antiquorum
898 2393 1178 2476 grammaticorum

64 2503 249 2565 111111111111
272 2503 465 2566 Taetzianae
487 2502 615 2566 homine
638 2503 805 2584 memoria,
837 2506 869 2565 et
891 2507 1026 2586 augetur
1048 2525 1179 2586 magno-

64 2627 124 2684 pere
143 2609 294 2675 dubitatio
311 2633 364 2692 eo,
388 2610 470 2695 quod
486 2612 545 2675 sub
565 2613 660 2676 finem
683 2613 798 2695 prioris
821 2612 973 2695 prooemii
995 2615 1179 2694 λεξιγράφοι

62 2715 201 2796 Ὁμηρικοὶ
222 2720 514 2804 reprehenduntur:
542 2721 572 2784 id
602 2721 683 2804 (laod
707 2744 772 2785 non
800 2743 891 2804 posse
920 2722 981 2785 nisi
1010 2722 1049 2784 ad
1074 2721 1179 2784 Helio-

63 2823 155 2890 d0mm
176 2831 335 2912 pertinere
358 2831 403 2913 ei,
433 2831 486 2914 qui
508 2834 606 2895 verba
628 2832 770 2914 proxime
793 2832 1016 2895 antecedentia
1039 2831 1179 2894 conside-

62 2937 177 3020 raverit,
206 2940 341 3022 patebit.
387 2939 586 3004 [devocamur
614 2941 713 3026 igitur
735 2941 775 3004 ad
797 2939 1003 3004 Heliodorum
1024 2944 1178 3016 rlmrrdrv

62 3043 216 3126 Ὁμηρικῶν
239 3051 445 3133 scriptorem,
469 3051 657 3133 praesertim
673 3073 744 3114 cum
766 3051 850 3114 hunc
873 3073 943 3114 omn
960 3051 1085 3133 Apione
1104 3073 1180 3134 prae

62 3157 158 3220 ceteris
171 3161 245 3224 robe
260 3159 535 3240 rlmtcorpdoouc
550 3160 651 3224 dictos
668 3182 735 3224 esse
751 3160 901 3224 sciamus:
918 3159 1179 3224 111111111111111111

60 3260 91 3324 dc
115 3265 205 3332 schol.
235 3269 342 3333 Plaut.
367 3293 398 3352 p.
425 3269 495 3333 142.
541 3271 586 3332 At
613 3292 687 3334 vero
715 3270 832 3334 bonum
860 3275 892 3333 et
920 3269 961 3332 ab
988 3270 1086 3352 ipsius
1109 3270 1179 3332 Ari·

60 3375 163 3438 starchi
185 3382 307 3460 aetate,
339 3383 375 3442 ut
396 3379 537 3462 videtur,
566 3401 630 3442 non
654 3379 699 3442 ita
727 3379 822 3463 longe
845 3383 999 3442 remotum
1022 3401 1180 3462 gramma-

58 3481 156 3566 ticum,
178 3487 352 3552 multomm
374 3511 455 3572 quae
477 3487 667 3571 Apollonius
695 3489 729 3552 in
758 3489 860 3552 lexico
882 3488 1052 3552 Homerico
1075 3487 1181 3570 posuit

59 3595 218 3678 auctorem,
243 3619 321 3661 num
344 3597 544 3681 ineptissima
566 3598 605 3661 de
621 3597 783 3661 Pisistrati
806 3599 889 3662 curis
909 3597 1086 3661 Homericis
1110 3619 1180 3662 cum

58 3700 335 3770 Alexandrinorum
357 3707 470 3770 studiis
486 3707 665 3771 commixtis
687 3707 796 3770 fabula
819 3707 952 3793 dignum
974 3708 1181 3791 putabimus?

58 3807 176 3878 Minime
197 3815 230 3878 id
252 3816 380 3900 quidem
402 3818 583 3900 probabile,
612 3818 800 3902 praesertim
823 3839 893 3881 enm
916 3817 1073 3898 dubitem,
1105 3839 1181 3881 num

57 3920 119 3984 talis
140 3927 299 4008 narratio,
332 3925 455 3990 etiamsi
478 3929 583 3991 minus
606 3929 716 4010 inepta
737 3927 849 4008 fucrit,
873 3928 907 3990 in
929 3927 1043 4012 glossis
1066 3925 1181 3988 Home-

57 4027 119 4094 ricis
134 4033 236 4098 locum
258 4035 422 4101 babuerit:
445 4037 508 4100 imo
523 4059 563 4100 ne
586 4037 617 4099 id
640 4037 766 4120 quidem
784 4037 849 4100 veri
865 4037 967 4100 simile
982 4036 1070 4098 dicas
1092 4035 1181 4097 illum

58 4135 159 4204 libmm
188 4144 228 4208 ad
257 4145 393 4210 Tzetzae
421 4151 560 4210 aetatem
588 4151 801 4232 propagatum
829 4168 907 4210 esse.
965 4144 1025 4208 Sed
1053 4147 1181 4226 praesto

56 4263 94 4310 111
121 4252 182 4317 1111
211 4254 404 4319 scholiorum
432 4255 672 4320 Homericomm
702 4257 862 4339 collectio,
892 4278 953 4340 qua
976 4253 1181 4317 Eustathium
1203 4275 1247 4320 131

57 4376 135 4422 usum
150 4383 217 4427 esse
233 4365 395 4450 novimus,
420 4367 490 4451 ipsa
512 4389 635 4451 quoque
651 4365 815 4431 Heliodori
839 4369 871 4430 et
887 4363 1022 4448 Apionis
1046 4364 1179 4430 nomini·
