3052 5136
456 397 616 446 scnenaa
639 397 811 444 ommms.
1144 376 1207 446 119

82 550 181 612 matris
201 553 233 612 et
255 550 355 633 patris
377 571 462 614 mors
485 550 526 614 ab
550 550 659 614 Aiacis
683 549 777 633 culpa
806 569 934 632 prorsus
957 547 1152 632 disiungitur
1175 553 1204 612 et

83 661 136 724 alio
156 660 287 744 quodam
309 659 378 724 fato
407 661 502 747 (ἄλλῃ
524 661 632 746 μοίρᾳ)
655 659 809 724 accidisse
831 659 963 740 dicitur,
992 658 1127 722 multum
1149 659 1206 722 im-

82 769 220 834 minuitur
240 793 279 834 ae
301 793 403 855 paene
426 771 557 836 diluitur
579 771 723 855 gravItas
751 774 784 833 et
813 769 973 834 evidentia
1002 771 1205 853 argumenta·

82 879 167 943 tionis
187 879 382 945 Tecmessae.

154 989 230 1055 Illuc
262 995 414 1055 revertor.
466 991 561 1075 Apud
591 993 828 1054 Anacreontem
857 991 942 1054 euim
972 990 998 1052 si
1026 991 1096 1074 quis
1125 989 1204 1054 desi-

82 1099 157 1162 deret
177 1101 236 1166 mlv
258 1101 436 1185 particulae
463 1101 691 1185 ligamentum,
721 1101 867 1166 invectae
896 1101 929 1164 ni
952 1099 1047 1164 fallor
1069 1123 1087 1163 a
1110 1099 1204 1162 libra-

83 1209 142 1291 riis,
170 1212 351 1274 recordetur
378 1233 495 1295 quaeso
523 1211 586 1276 alia
614 1211 770 1296 (quaedam
793 1211 1080 1274 Anacreontiorum
1103 1231 1204 1274 exem-

82 1319 137 1402 pla.
172 1319 267 1385 Velut
289 1321 438 1385 carminis
461 1321 536 1385 XIX
560 1322 626 1386 vu
650 1344 720 1385 cum
743 1321 904 1386 conclusio
925 1321 1017 1385 fieret
1038 1319 1204 1404 quaedam,

81 1436 176 1494 tamen
197 1431 242 1494 sic
265 1431 390 1496 locutus
414 1437 462 1496 est
484 1436 595 1515 poeta:
629 1433 657 1497 τί
683 1454 736 1513 μοι
764 1431 906 1512 μάχειθ’,
935 1433 1070 1511 ἑταῖροι,
1099 1433 1204 1518 καιίτῷ

83 1541 193 1606 θέλοντι
213 1544 333 1613 πίνειν;
356 1563 547 1626 quamquam
564 1546 727 1626 exspectes
749 1541 855 1610 τίοὗν
869 1563 921 1621 μοι
943 1543 1091 1622 μάχε(θε;
1115 1541 1205 1606 Adde

83 1647 191 1733 xxlv,
214 1653 244 1716 5.
269 1651 396 1735 XXVI,
420 1654 449 1717 7.
474 1651 629 1735 XXXVI,
662 1651 824 1734 10.L111‚
852 1653 883 1716 5.
928 1651 989 1715 Illa
1011 1657 1117 1716 autem
1140 1673 1205 1718 (τε-

85 1761 180 1840 φάνου
200 1784 236 1842 με
260 1765 310 1828 καί
332 1763 478 1842 χορεύιω
507 1785 564 1846 pro
589 1784 622 1826 re
645 1767 723 1826 nata
745 1763 795 1825 vel
817 1761 1006 1826 tantumdem
1029 1761 1138 1826 valent
1160 1765 1205 1824 at-

83 1889 133 1949 que
154 1873 314 1954 ιτεφάνου
336 1893 373 1952 με
396 1873 486 1938 ὅπως
509 1873 549 1938 ἂν
572 1873 732 1955 χορεύεω,
757 1871 806 1935 vel
829 1873 855 1938 εί
876 1876 1048 1953 (removete
1070 1893 1122 1952 με,
1150 1893 1205 1951 χο-

83 1979 170 2054 ρεύιω
192 1981 257 2045 sive
279 1985 464 2062 χορεύεαιμ’
487 1983 535 2048 ἄν.

153 2089 238 2164 Quod
268 2115 340 2156 cum
369 2093 416 2156 ita
438 2093 496 2176 sit,
525 2093 615 2178 origo
643 2093 774 2176 patefiet
796 2091 1007 2176 discrepantis
1030 2091 1206 2176 scripturae

81 2196 108 2258 in
127 2197 352 2283 Epicharmi
376 2224 467 2268 versu
489 2203 572 2286 apud
591 2203 782 2268 Aeschinem
804 2203 854 2265 vel
877 2201 1044 2265 Platonem
1067 2202 1116 2264 vel
1139 2201 1205 2284 qui-

81 2327 197 2393 cumque
219 2317 402 2376 auctorest
425 2313 570 2396 Aniochi,
596 2335 627 2396 p.
651 2313 712 2378 366
735 2319 759 2376 C
779 2311 855 2395 (509
879 2311 1011 2396 Bekk.):

214 2448 293 2514 pp,
316 2450 383 2528 χεὶρ
406 2451 464 2515 τὰν
487 2453 577 2529 χεῖρα
599 2449 688 2516 vilei·
711 2449 766 2513 δό(
789 2469 817 2512 τι
839 2449 888 2512 καὶ
912 2449 987 2527 λαβέ
1009 2469 1045 2511 τι.

82 2577 133 2642 Vbi
154 2603 221 2646 cum
250 2585 285 2647 in
317 2587 467 2666 quattuor
494 2584 650 2648 Parisinis
673 2583 772 2668 (inter
794 2606 872 2666 quos
895 2582 1134 2667 antiquissimus
1157 2587 1205 2645 est

81 2691 183 2756 saeculi
204 2691 282 2777 IX),
315 2695 415 2757 altero
438 2693 680 2758 Vindobonensi
703 2716 827 2777 unoque
850 2693 975 2756 Veneto
998 2693 1073 2777 (quo
1096 2697 1203 2756 tamen

81 2819 146 2863 non
166 2805 322 2868 contineri
345 2804 525 2868 Aniochum
548 2803 711 2868 Beldcerus
735 2803 906 2886 scripserat
928 2803 1030 2886 praef.
1053 2803 1115 2866 vol.
1134 2801 1161 2885 I,
1188 2805 1200 2864 1

81 2929 107 2988 p.
128 2909 213 2998 XIII)
235 2915 341 2998 posita
363 2915 444 2978 haec
466 2915 546 2978 sint:
585 2915 611 2979 εί
632 2915 728 2980 δίδω(
749 2937 787 2992 τι,
812 2916 861 2978 καὶ
884 2915 993 2994 λάβοι(
1013 2935 1051 2990 τι,
1074 2910 1202 2975 mirabi-

81 3015 143 3081 liter
171 3021 360 3110 Spengelius
392 3025 431 3088 de
465 3025 581 3088 artium
614 3023 821 3106 scriptoribus
855 3047 884 3106 p.
914 3023 955 3086 48
990 3023 1126 3086 coniecit
1159 3023 1203 3086 sic
1223 3037 1255 3085 aa

81 3129 218 3212 scriptum
240 3133 355 3198 luisse:
392 3135 470 3200 ἁδὲ
493 3136 561 3214 χεὶρ
583 3136 641 3200 τὰν
671 3139 761 3214 χεῖρα
788 3135 876 3200 viler·
905 3135 931 3199 εί
958 3134 1054 3199 δίδως
1082 3155 1126 3208 τι,
1155 3134 1205 3197 καὶ

81 3239 183 3318 λάβοιο.
225 3243 264 3308 In
294 3243 407 3327 quibus
435 3243 488 3326 qui
517 3242 578 3307 duo
608 3247 683 3308 sunt
706 3266 844 3325 errores,
876 3265 983 3307 corum
1012 3243 1093 3306 alter
1122 3265 1204 3306 com-

81 3353 171 3414 munis
192 3353 219 3415 ei
242 3359 292 3416 est
315 3375 386 3416 curn
402 3353 579 3436 Boeckhio,
603 3355 650 3418 sic
672 3354 860 3416 restituente
883 3354 984 3436 praef.
1002 3353 1042 3416 ad
1065 3353 1204 3417 Simonis

81 3457 218 3525 Socratici
241 3463 318 3526 dial.
343 3485 374 3546 p.
392 3462 563 3528 XXXVII:
586 3465 642 3528 δό(
658 3485 696 3540 τι,
719 3466 768 3527 καί
789 3466 902 3543 λάβοιό
924 3484 960 3528 τι.
1007 3462 1069 3526 Sed
1092 3464 1204 3543 λάβοιο

80 3586 188 3652 quoque
203 3594 295 3636 suum
311 3573 432 3656 pridem
449 3573 586 3636 arbitror
598 3571 792 3636 Boeckhium
805 3576 1010 3637 retractasse:
1026 3595 1085 3636 nec
1101 3573 1205 3657 magis

80 3677 166 3754 probo
187 3681 236 3764 (ut
250 3683 312 3746 hoc
327 3683 464 3746 strictim
479 3683 641 3768 adiciam),
666 3705 858 3767 quamquam
879 3683 1046 3768 ingemere
1068 3683 1205 3763 diverso,

80 3786 203 3852 medium
224 3813 327 3876 genus
343 3793 453 3860 κτίζειν
469 3793 556 3856 verbi
571 3795 605 3858 in
622 3792 811 3876 Aeschyli
834 3814 925 3856 versu
941 3792 1203 3876 tlhoephoron

84 3895 162 3980 1056,
184 3901 227 3965 sic
250 3903 510 3967 reconcinnando
533 3903 626 3968 unius
649 3903 830 3966 accessione
852 3902 1027 3966 litterulae:

541 4039 656 4106 Λοξίου
678 4043 713 4106 δὲ
736 4041 917 4120 epotaque

216 4149 387 4230 ἐλεύθερόν
411 4170 443 4215 ιε
465 4153 568 4216 τῶνδε
591 4153 744 4229 πημάτων
768 4152 915 4215 κτὶεειε.

81 4271 135 4340 Vbi
157 4283 313 4363 proditam
334 4286 428 4351 κτίεει
451 4285 587 4349 formam
609 4307 686 4350 num
708 4307 765 4368 pro
788 4283 926 4348 secunda
949 4305 1086 4366 persona
1108 4284 1203 4348 medii

81 4385 233 4471 quisquam
254 4393 402 4458 habuerit
425 4394 522 4478 (quod
544 4395 675 4460 minime
698 4399 746 4458 est
768 4393 962 4476 absurdum),
987 4394 1109 4458 nescio:
1133 4399 1202 4458 tau-
