2990 5140
496 324 532 369 ιιν
554 323 839 372 ssssuosnsssn.
1181 311 1240 376 199

94 477 139 541 εί(
170 477 342 541 λουκιανόν
372 477 470 556 ετίχοι
498 474 552 540 all.
588 477 741 541 43—108
770 481 980 557 Aristophanis
1009 483 1139 555 subolae
1171 501 1238 544 cum

95 591 234 650 Tzelzoe
264 591 395 652 scholiis.
451 585 541 650 Inter
573 585 684 650 Nubes
718 589 751 650 et
782 586 893 650 Rosius
925 587 1133 672 interpositae
1164 593 1239 653 sunt

91 697 330 780 disputationes
358 695 527 778 metricae,
561 696 691 780 reliquis
724 718 804 780 quae
833 697 867 760 in
899 698 961 762 hoe
992 698 1099 764 codiee
1128 699 1238 764 insunt

90 806 211 870 similis
226 805 409 890 argumenti
425 806 662 870 commentau'is
678 807 774 891 longe
789 810 822 871 et
836 807 982 872 meliores
997 812 1030 872 et
1051 808 1237 893 diligentius

89 917 253 1000 scriptae:
276 915 421 1001 equibus
440 916 504 980 alio
525 919 668 1000 tempore
690 917 846 1001 quaedam
868 917 1010 1001 proferre
1025 919 1103 982 mihi
1125 940 1237 1004 propo-

89 1028 194 1090 situm
224 1031 283 1091 est.
330 1027 502 1092 lou—175
529 1031 739 1110 Lycophronis
768 1033 948 1094 Alexandro
981 1051 1053 1092 eum
1080 1051 1236 1094 commen·

88 1137 181 1202 tario
202 1137 346 1202 Taetuae.
395 1137 567 1203 176-180
584 1159 610 1201 r.
635 1143 760 1202 Hesiodi
779 1149 894 1204 seucum
917 1144 1066 1204 Herculis.
1090 1139 1237 1206 ύπόθεειτ

87 1251 151 1315 τὺν
176 1255 241 1334 θεῷ
263 1252 318 1327 τῆε
340 1248 473 1314 desitos
496 1249 636 1327 ἐξήγητιτ
656 1251 718 1314 τοῦ
732 1249 862 1316 τζέτζου
877 1271 923 1314 κυ.
940 1249 986 1314 ἰω.
1012 1249 1073 1312 180
1088 1271 1118 1313 ν.
1135 1248 1235 1314 varia.

86 1363 153 1424 τοῦ
186 1361 317 1426 τζέτζου
351 1357 400 1424 ὅτι
433 1359 452 1423 δ
487 1357 712 1438 ὀλυμπιονίκηε
744 1361 833 1444 θαλῷ
867 1359 974 1440 ἐλαίητ
1008 1359 1235 1440 ἐττεφανοῦτο.

91 1467 297 1533 lsi-2061.
322 1473 477 1534 Pindarus
504 1469 560 1532 fin.
584 1468 725 1549 ἀρούρηε
747 1467 803 1552 (t).
848 1468 911 1534 206
933 1490 963 1532 v.
986 1506 1029 1518 -
1050 1469 1113 1534 218
1135 1469 1234 1534 varia.

87 1580 178 1660 ἀρχὴ
208 1580 265 1644 cdv
292 1584 356 1662 θεῷ
382 1581 443 1644 τοῦ
472 1581 596 1645 λεξικοῡ
623 1579 703 1644 κατὰ
732 1581 897 1658 ετοιχεῑον.
930 1579 1070 1645 ἀλεῑεθαι
1097 1578 1236 1658 (ημαίνει

88 1691 130 1754 τὸ
162 1691 351 1768 μυληθῆναι;
381 1687 501 1752 desinit
528 1688 563 1752 iu
593 1711 619 1752 ω
648 1687 756 1752 littera
783 1687 845 1752 208
868 1711 898 1752 v.
927 1727 970 1736 -
997 1690 1100 1770 ἕτεραι
1128 1689 1234 1756 λέξειε

87 1800 255 1880 φέρετρον
284 1800 384 1877 ἤγουν
413 1799 532 1880 φόριον
564 1799 627 1864 ted
658 1800 694 1864 δὲ
722 1798 772 1864 καὶ
801 1802 860 1864 τού
886 1802 1003 1878 νεκροῦ
1030 1799 1049 1878 ἡ
1078 1797 1165 1879 κλίνη
1193 1837 1235 1848 -

86 1910 324 1988 ἐτυμολογικόν
351 1909 431 1976 κατὰ
457 1911 622 1988 ττοιχεῑον.
653 1907 794 1974 ἀλδαίνω
822 1909 860 1974 τὸ
887 1908 1056 1988 θεραπεύω
1083 1909 1171 1988 παρὰ
1197 1909 1234 1976 τὸ

86 2020 193 2098 ἄρδω.
208 2055 251 2066 -
266 2019 378 2100 ἕτερον
400 2019 629 2098 ἐτυμολογικὸν
652 2018 732 2084 κατὰ
747 2021 914 2098 ττοιχεῑον.
929 2055 971 2068 —
985 2019 1049 2084 215
1063 2019 1145 2100 ἀρχὴ
1167 2022 1234 2086 τῶν

88 2129 282 2203 διαλέκτων,
306 2127 449 2212 adquae
472 2128 612 2211 ascripta
634 2131 710 2191 sunt
731 2127 826 2192 haee:
855 2127 901 2193 ἰω.
924 2131 1139 2209 γραμματικοῦ
1162 2128 1231 2194 dte·

87 2240 268 2318 ξανδρέωε
295 2239 413 2320 γράφει
440 2239 476 2302 δὲ
503 2239 553 2302 καὶ
580 2238 599 2302 ὁ
622 2237 782 2316 κορίνθιο(
803 2237 888 2304 πάνυ
911 2239 1016 2303 καλῶς
1036 2239 1109 2318 περὶ
1130 2239 1234 2304 διαλὲ·

87 2370 172 2414 κτου
195 2349 236 2413 ὃν
259 2350 309 2414 καί
330 2347 459 2427 ἔχω-
473 2347 643 2412 219-253
657 2352 785 2412 Hesiodi
805 2367 900 2426 opero
922 2357 951 2412 et
971 2353 1044 2410 dies.
1076 2351 1134 2412 τοῦ
1149 2347 1234 2414 τζέ-

86 2467 154 2526 ζου
177 2457 318 2537 ἐξήγηειε
338 2461 405 2523 τῶν
429 2458 534 2537 ἔργων
562 2459 612 2522 καὶ
633 2457 761 2537 ἡμερῶν
783 2456 921 2536 ἡτιόδου.
943 2455 1113 2522 253-255
1132 2455 1232 2521 vario.

87 2569 141 2632 De
166 2567 329 2630 Musarum
351 2567 542 2632 nominibus.
566 2605 608 2616 —-
630 2565 761 2648 ἑργίνου
784 2565 968 2648 φιλοεόφου
984 2567 1055 2648 περὶ
1077 2567 1233 2647 ἀκυρολο-
1253 2576 1302 2626 1¹0

85 2679 164 2756 γίαε
186 2715 229 2726 ——
250 2678 438 2756 πυθαγόρου
459 2678 665 2757 παρυινέεειε.
686 2713 730 2726 ·-
751 2676 914 2756 παροιμίαι
928 2675 1098 2756 θερμιύδειε
1120 2675 1234 2760 (titon-

85 2809 149 2855 νοε
175 2787 241 2866 βίοι
257 2786 312 2850 fin.
329 2787 417 2871 ἄκρῳ
432 2787 571 2868 ύῳαεθαι
593 2793 639 2872 τῷ
661 2786 828 2872 δακτύλῳ).
847 2824 889 2833 -
911 2783 1080 2850 ooo-299
1103 2789 1236 2866 oppium·

86 2903 268 2962 Haliauica
298 2917 368 2960 oum
396 2897 505 2980 paucis
528 2896 673 2978 scholiis,
702 2895 913 2979 praecedente
936 2894 1117 2979 argumenti
1140 2915 1233 2978 expe

86 3007 211 3070 sitione
233 3005 431 3090 longissima.
469 3006 531 3070 258
552 3029 582 3070 ν.
607 3007 770 3073 ὀππιανού
793 3007 979 3071 ἁλιευτικῶν
1002 3005 1123 3086 βιβλίον
1145 3008 1233 3085 πρῶ-

85 3139 150 3184 τον
174 3120 234 3182 τοῦ
256 3116 429 3196 μακαρίτου
443 3117 572 3183 τζέτζου
587 3116 736 3196 ἐξήγηειτ.
772 3115 940 3180 300-334
956 3119 1118 3197 Ιλῑωῳνίαι
1133 3119 1232 3180 Pera-

83 3241 174 3306 peto.
226 3225 407 3292 335-339
434 3225 541 3290 variae
569 3225 800 3308 disputationes
833 3223 1006 3308 theologici
1039 3223 1230 3309 argumenti.

84 3334 264 3401 339—362
281 3339 472 3414 Theocritio,
497 3356 589 3418 quem
610 3333 774 3417 excipiunt
793 3335 860 3402 ιίιόν
876 3337 909 3399 et
927 3335 1062 3400 ostende
1078 3335 1230 3398 earmina.

178 3443 230 3508 Ex
251 3443 301 3509 his
323 3446 423 3530 igitur
444 3467 525 3529 quae
540 3465 626 3508 nune
641 3443 733 3507 edere
753 3443 921 3508 statuimus
944 3445 1023 3508 haee
1037 3447 1129 3526 sunt,
1152 3466 1232 3528 quae

86 3557 132 3620 ab
166 3554 260 3618 initio
287 3553 423 3620 schedae
449 3557 491 3620 43
519 3576 617 3638 usque
646 3553 686 3618 ad
707 3553 845 3618 mediam
870 3554 938 3618 iere
963 3553 1117 3639 paginam
1137 3553 1180 3618 44
1201 3575 1231 3617 ν.

86 3666 256 3752 leguntur.

179 3885 206 3949 Ι.
231 3885 337 3966 βίβλοε
360 3885 608 3965 Ἀριετοφάνουε
630 3885 766 3964 Τζὲτζην
789 3885 941 3966 φορέουε’
962 3885 1142 3966 ὑποφήτην.

181 3997 210 4056 1.
227 3995 438 4074 Ἀλέξανδροι
453 3995 473 4059 ὁ
487 3994 627 4059 Αίτωλόε
643 3995 693 4060 καλ
708 3994 888 4074 Λυκόφρων
904 3995 923 4060 ὁ
941 3995 1123 4074 Χαλκιδεὺς,
1139 4015 1233 4074 μεγα-

87 4104 266 4183 λοδωρίοιτ
289 4107 458 4184 βαειλικοῑε
479 4104 735 4183 προτραπέντεε,
757 4104 946 4188 Πτολεμαίῳ
968 4111 1014 4189 τῷ
1038 4105 1232 4190 Φιλαδέλφῳ

88 4217 149 4280 τὰ(
173 4215 318 4293 τκηνικὰε
342 4215 567 4292 διωρθωταντο
589 4213 732 4293 βίβλουε,
754 4215 809 4279 τὰ(
829 4217 885 4292 τῆ(
907 4213 1074 4296 κωμῳδίαι
1094 4215 1144 4280 καὶ
1158 4236 1231 4295 τρα-

64 4324 214 4408 κγῳδίαε
242 4325 293 4387 καὶ
321 4325 378 4388 τάκ
405 4326 471 4388 τῶν
503 4325 647 4403 τατύρων
675 4325 768 4405 φημὶ,
800 4324 1019 4403 ευμπαρόντοε
1046 4323 1155 4391 αὐτοί(
1182 4329 1232 4391 καὶ
