2954 5134
279 329 341 394 526
653 347 702 394 on
724 347 852 394 comen
873 349 1051 396 vnnrnnrn

283 499 427 562 αὐτοὺ(
463 498 690 576 πριαμένων
727 499 894 580 ἀμφότερα
934 505 1034 565 ταῦτα
1066 505 1147 581 παρ’
1180 504 1306 567 αὐτῶν
1337 507 1391 581 χρὴ

280 607 470 687 ὑπάρξειν
507 607 618 672 αὖθι(
654 612 732 673 τῶν
774 612 1028 689 κτηταμένων
1066 612 1211 676 αὐτοὺ(
1246 612 1297 677 εἰ(
1327 618 1391 675 δου-

279 717 397 783 λείαν.
441 717 559 781 Omnia.
581 721 676 780 sanat
698 722 742 782 B:
773 768 780 781 .
806 768 813 781 .
839 767 847 782 .
873 768 880 781 .
904 720 1096 803 ἐλευθερίαν,
1121 725 1304 801 χρηετοί(
1322 741 1392 797 γεω

278 828 387 905 μένοι(
415 829 488 908 περὶ
513 829 588 892 τοὺ(
623 830 969 908 καταδουλωεαμένου(
997 832 1016 908 ἢ
1043 832 1121 894 τοὺ(
1153 833 1241 911 παρὰ
1266 832 1393 896 τούτων

278 939 483 1017 πριαμένου(
506 937 671 1019 ἀμφότερα
694 943 795 1003 ταῦτα
809 941 896 1019 παρὰ
910 943 977 1005 τῶν
999 945 1167 1007 δεεποτῶν
1190 941 1394 1020 ὑπάρξει-

279 1047 439 1129 Imprimis
476 1047 613 1110 notabili
649 1048 793 1130 exemplo
826 1047 887 1130 IV,
918 1050 957 1113 78
997 1070 1078 1132 quae
1111 1071 1199 1114 nune
1232 1049 1394 1134 vulgantur:

279 1158 388 1236 ἐπειδὴ
411 1158 445 1220 δ’
468 1157 487 1221 ὁ
509 1159 635 1239 καιρὸ(,
666 1159 705 1222 ὃν
733 1160 773 1223 τὰ
799 1160 968 1237 πράγματα
995 1159 1104 1223 δίδω(ί
1125 1181 1194 1238 μοι,
1225 1159 1395 1240 βραγὺ(,ἐν

280 1269 306 1352 ᾧ
329 1267 434 1342 λέγειν
456 1269 513 1344 μέν
536 1267 629 1343 ὀλίγα
651 1271 713 1344 δεῖ,
737 1269 884 1347 πράττειν
908 1270 942 1332 δὲ
964 1270 1087 1348 πολλὰ,
1120 1271 1170 1334 καὶ
1190 1270 1273 1348 πρὸ(
1294 1269 1395 1334 εἰδότα(

208 1455 211 1462 Δ
279 1378 347 1442 τόν
376 1377 498 1452 λόγον
526 1381 729 1457 ποιοῦμαι,
759 1378 874 1453 ὀλίγα
903 1380 943 1442 τὰ
971 1379 1097 1456 μέγιετα
1125 1381 1176 1443 καὶ
1205 1380 1397 1460 φανερώτατα

278 1491 345 1552 τῶν
368 1488 473 1565 ἔργων
496 1487 596 1552 αὐτοῦ
619 1489 669 1551 καί
691 1487 868 1563 ἀπολογία(
890 1492 1039 1567 μηδεμιᾶ(
1062 1483 1201 1568 δεόμενα
1228 1489 1333 1572 (immo
1352 1493 1397 1550 δυ

279 1597 441 1680 νάμενα)
474 1601 599 1677 τυχεῖν,
631 1599 726 1662 ταῦθ’
760 1597 839 1676 ὑμᾶ(
872 1591 1060 1677 ὑπομνή(ω,
1100 1599 1262 1662 sententia
1292 1597 1398 1682 quidem

278 1710 364 1768 reete
387 1707 534 1788 suppleta
556 1711 729 1769 manarunt
751 1728 789 1769 ex
811 1706 872 1769 hae
894 1707 1052 1790 scriptura
1075 1707 1219 1772 Chisiani
1241 1707 1313 1770 libri
1333 1706 1399 1784 πρὸ(

278 1815 402 1881 εἰδότα(
425 1815 539 1892 ὀλίγα
560 1818 600 1880 τὰ
621 1817 759 1894 μέγι(τα;
797 1801 873 1880 nam
895 1816 972 1898 hoe,
998 1839 1062 1879 non
1085 1817 1189 1899 ὀλίγα,
1218 1839 1257 1880 ex
1280 1823 1306 1880 Α
1326 1819 1398 1878 nola·

277 1929 339 1988 tur.
378 1925 468 2000 Quod
490 1947 551 2008 quo
573 1929 707 2008 spectet,
733 1949 770 1989 ex
786 1931 815 1990 B
833 1926 1043 2010 intellegitur,
1066 1926 1239 2008 pristinum
1261 1924 1399 1989 orationis

277 2036 414 2100 nitorem
444 2035 491 2098 sio
517 2036 784 2099 reconcinnante:
822 2038 872 2101 καὶ
899 2037 982 2116 πρὸ(
1010 2036 1133 2102 εἰδότα(
1163 2037 1198 2101 οἱ
1219 2037 1349 2113 λόγοι,
1371 2035 1401 2097 τὰ

277 2147 403 2224 μέγι(τα
424 2148 488 2210 κτλ.
511 2183 552 2192 -
574 2145 615 2226 V,
640 2147 658 2208 7
681 2148 713 2209 et
736 2146 900 2230 eleganter
923 2149 956 2209 et
977 2167 1051 2209 rere
1074 2145 1158 2209 idem
1181 2149 1226 2210 B:
1266 2145 1402 2228 ἀφικόμε-

277 2277 335 2321 νο(
357 2258 389 2320 δ’
412 2257 457 2320 ὡ(
479 2256 629 2321 Πόπλιον
652 2255 845 2336 Οὐαλέριον,
876 2257 914 2320 ὃ(
942 2256 977 2320 ἐν
999 2259 1068 2320 τοί(
1089 2257 1231 2336 πρώτοι(
1257 2258 1401 2333 τέτταρτιι

230 2376 259 2422 12
278 2366 317 2444 ἠν
339 2371 405 2432 τιίιν
426 2368 486 2445 τὴν
514 2363 698 2446 τυραννίδα
714 2366 975 2444 καταλυεάντων,
1003 2369 1133 2432 δεξιᾶ(
1161 2366 1268 2430 δό(ει
1296 2367 1345 2429 καί
1368 2363 1403 2426 δι’

279 2476 385 2555 ὅρκων
408 2478 445 2540 τὸ
469 2478 580 2542 πι(τόν
602 2477 682 2556 παρ’
706 2476 805 2541 αὐτοῦ
829 2478 937 2556 λαβὼν
961 2475 1042 2555 ὑπὲρ
1065 2476 1240 2557 ἀτφαλεία(
1262 2480 1319 2554 τῆ(
1342 2475 1401 2538 ἐαυ-

277 2591 345 2660 τοῦ,
368 2589 505 2665 μηνυτὴ(
528 2637 534 2649 .
558 2636 564 2648 .
587 2636 594 2648 .
618 2635 623 2648 .
646 2586 773 2660 γίνεται.
804 2585 853 2648 lbi
868 2585 1040 2668 depravate
1065 2593 1089 2647 Α
1112 2587 1242 2651 δεξιὰ(
1264 2587 1402 2652 δίδω(ι;

278 2695 331 2757 sed
360 2695 512 2758 indicium
541 2695 607 2757 veri
635 2695 822 2778 interpolati
847 2695 922 2758 libn'
956 2695 1135 2758 exstinxere
1167 2696 1283 2760 δεξιὰ(
1311 2695 1404 2758 δίδωα

277 2808 401 2868 mutato
423 2806 458 2867 in
480 2806 600 2870 δεξιὰν
622 2806 739 2869 δίδωτι.
763 2843 805 2854 —
827 2804 873 2887 V,
897 2805 953 2869 23:
993 2806 1135 2887 ἐμπειρίᾳ
1156 2807 1214 2884 μὲν
1236 2806 1289 2869 καὶ
1310 2823 1404 2882 καρτε-

278 2915 328 2997 ρίᾳ
355 2916 515 2994 κρείττονε
543 2914 636 2979 ὄντε(
658 2917 689 2979 οἱ
711 2917 861 2994 Ῥωμαῖοι
888 2920 966 2981 τῶν
995 2915 1205 2992 ἐναντίων,
1243 2917 1354 2994 πλήθει
1377 2913 1405 2975 δὲ

277 3029 471 3103 κρατοῦντε(
492 3031 558 3089 τῶν
581 3026 748 3103 Ῥωμαίων
772 3026 802 3088 οἱ
824 3025 982 3104 Τυρρηνοί
1003 3045 1039 3088 τε
1061 3025 1111 3088 καὶ
1137 3024 1269 3089 Λατῖνοι
1298 3027 1405 3104 μακρῷ.

278 3133 331 3198 Sic
353 3138 417 3196 BC:
441 3139 506 3199 τῶν
530 3134 676 3200 Λατίνων
693 3140 730 3196 Α;
755 3133 838 3196 unde
860 3139 926 3199 τῶν
949 3134 1095 3198 Λατίνων
1117 3135 1178 3197 καὶ
1200 3135 1406 3214 Τυρρηνῶν

278 3249 340 3306 BP.
364 3281 406 3290 —-
430 3243 583 3307 Irnrnunis
607 3243 748 3326 alioquin
771 3242 1028 3326 interpolationis
1052 3249 1077 3304 Α
1098 3244 1133 3305 in
1156 3242 1296 3306 eiusdem
1317 3239 1405 3323 suspi-

277 3353 397 3415 tionem
420 3353 509 3416 venit
531 3353 571 3434 V,
595 3355 650 3418 37:
675 3355 755 3433 ὑπὲρ
778 3353 825 3419 ὧν
849 3353 1094 3419 ἀποττείλαντε(
1114 3353 1145 3416 ol
1167 3353 1319 3430 Ῥωμαῖοι
1341 3371 1406 3428 πρε·

278 3464 398 3543 (βείαν,
431 3465 506 3542 πρὶν
529 3465 580 3526 ἐπὶ
602 3465 640 3527 τὰ
664 3464 750 3527 όπλα
772 3468 927 3543 χωρῆωι,
956 3463 1042 3527 δίκα(
1065 3465 1165 3544 ᾔτουν
1188 3464 1237 3526 καὶ
1260 3461 1408 3526 διδόναι

278 3574 398 3648 λόγον
428 3572 536 3650 ἠξίουν
564 3575 660 3652 μηδὲν
684 3574 727 3637 εἰ(
749 3575 825 3637 τοὺ(
847 3573 1083 3652 ἐργαζομένου(
1105 3575 1165 3651 τὴν
1186 3576 1248 3650 γῆν
1270 3589 1408 3649 παρανο-

276 3686 355 3761 μεῖν.
400 3681 489 3744 Nihil
511 3682 676 3764 proficitur
697 3682 887 3764 interposita
910 3682 944 3744 in
965 3686 1022 3743 ΒΡ
1040 3683 1116 3743 ante
1138 3683 1236 3759 μηδὲν
1259 3677 1408 3762 porticula

277 3793 345 3855 καὶ.
390 3790 450 3855 Ilei
472 3792 573 3854 solum
597 3792 747 3854 convenit
769 3791 852 3873 quod
875 3793 909 3852 in
932 3795 960 3852 B
983 3793 1104 3854 exstat:
1133 3790 1223 3854 δίκα(
1246 3791 1345 3872 ᾔτουν
1366 3787 1408 3849 καί

276 3903 320 3966 τὸ
349 3903 497 3967 λοιπὸν
526 3902 633 3979 ἠξίουν
660 3903 823 3980 μηδὲν..
851 3950 857 3963 .
884 3949 890 3962 .
921 3903 1134 3979 παρανομεῑνι
1171 3899 1256 3962 unde
1283 3901 1409 3978 utraque
1467 3891 1468 3970 l

278 4011 417 4073 conflato
438 4010 595 4092 scriptura
616 4010 650 4073 in
668 4009 822 4092 elegitur
837 4011 888 4073 καὶ
909 4010 978 4074 τὸν
1000 4010 1148 4073 λοιπὸν
1171 4009 1290 4084 λόγον
1314 4005 1409 4069 διδό

277 4143 340 4184 ναι
361 4121 470 4198 ἠξίουν
497 4122 593 4198 μηδὲν
623 4122 686 4183 κτλ.
730 4118 815 4181 Nem
843 4122 875 4181 et
904 4140 975 4181 eum
997 4121 1027 4180 B
1048 4121 1081 4181 et
1103 4117 1172 4181 sine
1195 4121 1225 4179 B
1246 4114 1328 4178 raris
1350 4113 1411 4195 qui-
1467 4125 1468 4218 ,

277 4230 427 4309 busdam,
462 4229 516 4291 sed
545 4229 597 4293 vix
627 4228 730 4292 dubiis
760 4228 913 4310 exemplis
940 4231 1052 4310 aperta
1074 4228 1266 4310 glossemate
1289 4231 1317 4285 A
1340 4220 1411 4284 alibi
1467 4219 1468 4298 J

277 4357 400 4420 quoque
422 4341 520 4401 tenet.
553 4338 602 4401 Ito
625 4337 676 4400 vix
700 4338 844 4419 profecta
867 4360 886 4399 a
909 4336 1062 4419 Dionysio
1084 4339 1160 4400 sunt
1182 4355 1260 4418 quae
1281 4337 1412 4412 uterque
