2976 5140
288 324 349 385 o'ltl
670 339 717 385 nn
741 338 809 384 ono
834 339 878 384 nr
901 337 1043 385 eurora.

288 516 358 556 rurn
382 493 423 556 ab
440 494 503 557 Oro
527 492 706 575 citatorum,
731 513 825 574 quem
847 495 867 570 ἓ
888 491 929 553 26
952 489 1187 573 exhibebimus,
1210 489 1304 554 altero
1322 490 1401 552 etiarn

290 604 412 686 aptiore
445 603 520 684 hoc,
561 602 643 686 quod
678 601 848 664 eonmdenr
886 601 1143 665 convenientiam
1176 601 1400 664 testimonionrm

290 714 387 776 etiarn
403 714 436 775 in
453 714 602 797 congruis
620 713 675 777 Ori
700 715 731 774 et
748 711 876 776 Orionis
897 711 1028 774 vocibus
1050 733 1117 774 non
1131 710 1228 774 nullis
1250 715 1401 773 monstrare

290 824 375 886 lieet.
423 823 467 886 l't
488 823 656 886 Philoxeni
680 825 715 887 ἐν
738 830 783 907 τῷ
808 824 879 901 περὶ
894 823 1060 901 Ῥωμαίων
1082 824 1249 887 διαλέκτου
1270 843 1298 884 v.
1318 823 1402 899 ξὲαη(

292 935 346 997 Or.
378 956 410 1016 p.
437 933 511 1016 112,
538 935 592 1014 15,
624 934 676 995 llt.
701 933 744 995 ll.
770 932 847 1013 ssrl,
881 934 912 1014 13
940 930 1121 995 Heraclidis
1150 930 1230 1014 (non
1256 929 1403 994 Heracliti:

291 1037 362 1106 vide
386 1043 462 1106 Zon.
487 1065 519 1125 p.
540 1045 633 1126 111ὁό)
658 1047 690 1105 ct
712 1042 889 1105 Herodiani
911 1064 940 1105 v.
964 1044 1075 1106 (κότοε
1098 1042 1152 1107 Or.
1173 1043 1243 1124 147,
1260 1043 1289 1124 7,
1311 1040 1357 1104 Et.
1371 1039 1403 1102 ll.

292 1155 364 1235 719,
388 1155 444 1236 33,
467 1153 594 1215 irenaei
617 1176 645 1216 v.
664 1153 816 1233 ὑπηρέαα
840 1153 894 1216 Or.
918 1175 949 1234 p.
969 1153 1040 1233 157,
1056 1155 1087 1234 4,
1111 1151 1164 1214 Et.
1182 1151 1226 1214 M.
1244 1174 1272 1235 p.
1289 1151 1352 1230 780,
1366 1153 1404 1212 to.

292 1264 400 1327 Vnam
430 1263 496 1324 eius
525 1263 609 1325 morli
638 1263 753 1326 litteris
782 1261 995 1345 consignabo,
1031 1265 1067 1326 ut
1093 1262 1222 1325 ultimos
1252 1283 1288 1324 ex
1314 1261 1405 1324 aniciis

293 1374 458 1456 scrupulos
481 1373 624 1436 evellam.
656 1372 704 1436 Oe
727 1374 814 1452 ἧπαρ
837 1393 912 1436 voce
935 1376 1007 1455 post
1030 1372 1094 1434 alia
1115 1372 1272 1455 quaedam
1293 1372 1334 1434 sic
1354 1391 1407 1432 erm

294 1484 370 1546 Orio
393 1482 526 1546 tradidit
548 1506 579 1566 p.
604 1485 655 1566 oe,
679 1484 701 1545 4
723 1487 791 1545 turn
815 1481 954 1545 Zonaras
977 1505 1007 1564 p.
1035 1482 1131 1546 1001:
1216 1470 1218 1474 Α

532 1678 607 1742 Orio
1079 1676 1221 1740 Zonaras

294 1815 628 1893 ὁδἐἩριιιδιανὸ(
652 1817 686 1880 ἐν
711 1821 755 1896 τῷ
778 1836 850 1893 ecp—
877 1816 895 1878 t
928 1816 969 1879 δὲ
1002 1815 1244 1892 Ἡρωδιανὸς
1277 1814 1357 1892 παρὰ
1383 1814 1410 1874 τὸ

295 1926 396 2007 uociqr
420 1926 506 2004 παρὰ
530 1927 566 1988 τὸ
588 1925 767 2003 susipeces
790 1947 850 2005 ‹pq-
878 1925 1058 2004 susipeces
1080 1947 1185 2006 φηςιν,
1209 1926 1280 1990 οἷον
1301 1925 1374 2000 trop
1390 1943 1411 1984 α

295 2056 352 2110 (ιν,
373 2035 453 2113 ἔααρ
470 2057 497 2098 τι
513 2034 563 2110 ὄν,
580 2037 629 2098 καὶ
644 2036 730 2114 ἧπαρ
746 2041 849 2118 τροπῇ
879 2035 918 2098 ὃν
942 2036 991 2098 καὶ
1014 2035 1109 2114 ἠπαρ.
1139 2037 1157 2114 ἢ
1187 2036 1274 2112 παρὰ
1300 2035 1335 2098 τὸ
1360 2034 1410 2110 liba

295 2150 353 2209 τοῦ
381 2152 396 2209 ἑ
425 2146 466 2209 εἰ(
496 2149 521 2227 ἡ.
556 2147 574 2222 ἢ
603 2147 691 2223 παρὰ
718 2148 754 2209 τὸ
783 2145 851 2223 ἥδω
878 2146 915 2209 τὸ
939 2145 1152 2226 εὐφραίνομαι
1173 2146 1255 2224 ἡδαρ
1270 2147 1318 2208 καὶ
1331 2145 1411 2220 quac·

296 2256 376 2334 ἡδαρ
400 2256 449 2318 καὶ
471 2256 571 2332 ἡπαρ·
600 2257 635 2319 ἐν
658 2256 763 2338 τούτῳ
791 2257 851 2334 γὰρ
880 2256 914 2319 ἐν
937 2256 998 2335 γὰρ
1021 2256 1125 2339 τούτῳ
1148 2263 1195 2340 τῷ
1218 2258 1304 2336 μέρει
1323 2255 1358 2318 τὰ
1370 2257 1412 2326 τὴ(

296 2367 333 2430 τὸ
357 2371 411 2444 τῆς
434 2367 552 2444 ἡδονή(
579 2367 628 2428 καὶ
651 2366 688 2429 τὸ
710 2371 765 2444 τῇ(
788 2366 853 2429 ἐπι·
879 2367 999 2444 ἡδονὴ(
1015 2367 1063 2430 καὶ
1080 2370 1135 2444 τῆ(
1151 2366 1313 2444 ἐπιθυμία(
1334 2365 1412 2438 ἔγκει-

296 2476 413 2554 Θυμίαι.
879 2497 937 2540 ται.
968 2475 1094 2542 οὕτω(
1120 2475 1238 2555 'apoc
1269 2476 1287 2542 ὁ
1319 2473 1413 2548 Μιλή-

880 2606 972 2651 croc.

298 2797 417 2870 Orlilrus
455 2797 606 2878 exemplis
633 2798 686 2880 qui
720 2798 810 2879 plura
844 2797 1014 2879 desideret,
1055 2798 1126 2860 illas
1158 2821 1282 2882 quoque
1308 2796 1414 2862 Orioni>

299 2930 390 2970 rocos
425 2908 556 2990 iungere
584 2908 699 2989 possit,
735 2931 812 2991 (pras
848 2912 866 2988 ,ξ’
893 2910 929 2972 17
960 2907 1140 2991 aperuimus
1173 2909 1360 2992 supplendas
1386 2927 1414 2966 er

299 3016 520 3098 lltprnologieo
544 3040 622 3099 esse,
648 3023 682 3080 ut
703 3020 905 3098 ’Apteropxoc
927 3019 1056 3082 nomine
1079 3024 1223 3100 εταμῑνεε
1245 3041 1357 3098 vocem,
1378 3014 1414 3074 ol

300 3130 410 3188 eontra
445 3149 481 3188 ex
522 3127 639 3191 Orione
678 3129 888 3211 supplendam
919 3131 1116 3208 ‘spectasse
1153 3130 1284 3193 nomine
1321 3128 1416 3208 ῥυθμα(

299 3257 408 3298 rocem
430 3237 656 3321 Elqrrrologici.
685 3277 727 3286 —-
758 3239 928 3302 Praeterea
952 3239 1184 3323 aliquantisper
1206 3241 1350 3324 plaeebat
1370 3243 1415 3298 ter·

301 3345 380 3407 tium
409 3351 633 3427 argumentum
661 3349 828 3432 quoddsun.
874 3351 991 3413 Mirum
1020 3352 1067 3412 est
1094 3349 1196 3432 enim,
1232 3349 1416 3434 paucissimos

301 3459 425 3518 tantum
460 3457 629 3539 script-ores
658 3459 697 3520 ab
727 3461 845 3522 Orione
873 3460 906 3522 in
935 3461 1153 3524 testimonium
1181 3462 1288 3524 vocari
1313 3461 1366 3522 hae
1386 3457 1415 3516 lo·

301 3565 417 3648 queruli
455 3569 572 3631 t'ornra:
611 3569 736 3634 οὕτω(
774 3571 891 3650 εὖρον
929 3571 969 3635 ἐν
1002 3611 1060 3654 —‚
1098 3571 1195 3654 longe
1232 3571 1416 3654 plurimorum

303 3677 431 3738 nomina
455 3678 504 3739 vel
527 3679 715 3760 simpliciter
738 3681 856 3763 apponi
884 3682 933 3744 vel
956 3682 1024 3746 sola
1047 3682 1171 3746 adiecta
1194 3683 1319 3746 οὕτω(
1339 3674 1415 3764 parti-

303 3787 382 3849 cula.
429 3787 458 3850 V
501 3811 565 3851 ιιαιι
594 3811 670 3852 saue
700 3790 854 3853 elisardus
882 3791 939 3874 sit,
970 3793 1023 3876 qui
1052 3793 1173 3876 priores
1201 3792 1284 3856 solos
1306 3792 1345 3854 ab
1363 3789 1417 3868 ipsr

271 3905 282 3946 ’ὶ
303 3897 401 3958 lectos
430 3897 548 3962 Orione
578 3900 729 3983 coniciet,
765 3901 900 3966 aliorum
928 3903 1118 3966 auctoritate
1149 3902 1264 3965 citatos
1291 3901 1415 3981 reliquas.

303 4007 364 4069 sal
387 4008 414 4069 si
438 4030 545 4071 rerum
570 4010 663 4072 lateri
688 4011 845 4094 volumus,
876 4035 912 4075 eo
935 4013 969 4076 in
997 4034 1115 4097 genere
1138 4034 1178 4075 ne
1201 4013 1263 4076 sibi
1284 4013 1347 4094 ipse
1366 4005 1416 4089 qul·

302 4118 374 4179 «lem
398 4119 550 4182 eruistltit.
597 4119 681 4182 Nam
704 4120 879 4186 Herodiani
903 4125 974 4203 περὶ
997 4129 1111 4188 παθῶν
1135 4126 1167 4184 et
1189 4125 1261 4202 περὶ
1283 4122 1417 4200 ὀρθογΡῡ·

303 4229 379 4308 φίας
407 4229 504 4291 libros
532 4230 660 4293 tametsi
697 4231 887 4315 aliquotiens
914 4233 1019 4316 posuit
1048 4233 1181 4297 adiectis
1210 4234 1312 4298 οὕτω(
1338 4228 1416 4304 siper

302 4338 406 4401 verbis
430 4362 460 4420 p.
486 4342 515 4423 7,
543 4343 590 4404 10.
619 4342 665 4422 ll,
691 4343 720 4404 3.
748 4344 796 4424 17,
824 4345 870 4406 16.
895 4345 946 4426 ol,
971 4343 1022 4426 34,
1048 4343 1146 4427 longe
1169 4338 1414 4422 tamensaepiue
