3052 5136
471 371 632 420 senecae
655 369 829 417 emmone,
1161 351 1220 415 727

166 526 353 591 Dixerumus
381 529 457 589 ante
485 547 581 608 quam
610 524 651 588 ad
679 521 866 607 Euripidem
893 522 1079 586 deduximus
1107 523 1222 585 oratio-

82 659 169 720 nem,
200 659 265 702 nou
294 637 373 700 satis
401 635 495 720 plene
523 634 728 718 descripsisse
757 633 982 698 Hermammm
1012 630 1091 696 illud
1118 653 1221 716 genus
1240 647 1272 694 32

82 748 243 832 loquendi,
268 770 341 813 cum
362 747 397 810 in
420 745 531 810 eadem
553 745 775 810 enuntiatione
803 745 851 808 bis
875 744 1015 828 positum
1036 745 1085 806 est
1107 763 1222 826 prouo-

80 880 155 922 men
181 857 291 924 eodem
320 879 405 922 casu.
451 856 672 920 Praetermisit
701 855 786 918 enim
815 855 868 918 ille
896 854 975 918 duas
1004 855 1070 917 cius
1093 852 1222 938 generis

80 969 211 1052 species.
243 969 328 1032 Nam
343 967 441 1032 etiam
464 967 635 1052 gravitatis
659 988 771 1030 caussa
794 964 895 1050 repeti
919 968 1023 1047 potest
1046 985 1222 1048 pronomen

80 1080 190 1144 eadam
222 1079 347 1143 ratione
382 1099 444 1164 qna
474 1076 605 1161 quaevis
634 1076 697 1140 alia
727 1099 804 1158 vox3
840 1079 875 1140 ut
903 1079 952 1139 est
979 1076 1014 1138 in
1042 1073 1222 1138 Horatiano

81 1190 137 1254 illo
159 1189 337 1255 Satirarum
359 1189 385 1272 l,
410 1188 440 1270 2,
469 1189 544 1252 120:

229 1347 356 1408 Illam:
379 1355 448 1427 post
470 1345 588 1426 paullo,
613 1345 671 1404 scd
694 1345 803 1425 pluris,
828 1346 853 1403 si
877 1345 986 1404 exierit
1009 1344 1069 1402 vir:

233 1449 331 1510 Gallis
353 1448 465 1522 hane,
490 1447 690 1507 Philodemus
714 1448 756 1505 ait
779 1471 833 1522 —3

79 1619 159 1680 qliae
181 1597 308 1680 quidem
333 1597 454 1680 species
476 1617 536 1660 nec
559 1595 701 1680 pertinet
725 1594 766 1658 ad
788 1593 1033 1678 grammaticam
1056 1593 1222 1657 verborum

79 1709 282 1790 structuram,
308 1705 363 1770 scd
386 1706 544 1771 rhetorica
566 1707 692 1771 ratione
714 1705 854 1788 regitur,
878 1709 910 1768 ct
932 1704 1074 1768 omnium
1097 1703 1222 1788 lingua-

80 1839 147 1882 rum
170 1817 347 1883 communis
371 1821 434 1899 est,
459 1817 546 1882 velut
569 1817 652 1900 apud
676 1819 851 1880 nostratem
873 1819 1019 1899 poetam:

230 1975 327 2034 Drum
349 1975 410 2034 will
433 1975 481 2034 ich
505 1973 589 2033 dich
613 1975 666 2033 mit
688 1973 920 2050 kriegcrisehen
942 1973 1057 2045 Ehrcn,

230 2077 295 2136 Vor
316 2078 398 2136 allen
421 2077 639 2137 Erdenlraucn
670 2076 757 2135 diclr
779 2075 954 2135 verhldren.

78 2224 168 2288 Talia
198 2247 271 2288 cum
299 2224 337 2287 de
366 2223 523 2288 industria
552 2223 724 2308 scriptores
753 2227 994 2306 consectentur,
1024 2227 1132 2286 tamen
1156 2245 1221 2286 sae-

78 2335 207 2419 pissime
237 2335 336 2399 etiam
364 2335 487 2399 incuria
518 2335 674 2418 quaedam
708 2333 848 2398 iterandi
880 2333 1079 2418 pronominis
1111 2317 1222 2396 caussa

78 2445 156 2528 luit,
187 2446 235 2509 ita
263 2444 391 2530 quidem
418 2447 455 2508 ut
484 2449 557 2530 post
579 2445 782 2508 interiectam
804 2444 944 2528 aliquam
967 2443 1222 2507 enuntiationem

79 2554 233 2640 cogitatio
255 2555 453 2638 pronominis
482 2557 578 2620 antea
607 2555 671 2618 iam
693 2554 789 2638 positi
813 2553 1101 2638 redintegraretur:
1139 2553 1222 2637 quod

78 2665 130 2728 uhi
152 2665 259 2729 media
281 2664 336 2729 illa
358 2665 540 2729 enuntiatio
566 2664 673 2748 paullo
696 2665 823 2749 longior
846 2667 905 2746 est,
929 2664 1026 2728 etiam
1049 2663 1222 2748 perspicui·

79 2777 137 2838 tati
160 2797 198 2838 ea
222 2797 256 2838 re
278 2775 463 2840 consulitur.
510 2776 616 2860 Atque
638 2775 699 2839 hoc
721 2797 823 2859 genus
846 2797 908 2858 quo
930 2775 1025 2838 latius
1048 2779 1156 2858 patet,
1186 2795 1222 2836 eo

78 2885 183 2950 minus
205 2885 336 2970 neglegi
359 2885 542 2970 oportebat3
572 2907 608 2950 eo
631 2885 717 2950 enim
740 2885 836 2970 longe
858 2886 998 2949 maxima
1022 2907 1095 2968 pars
1119 2907 1222 2948 exem-

78 2995 203 3076 plorum
237 2996 525 3080 comprehenditur.
540 2995 571 3076 *1
621 2997 761 3071 (luorum
793 3017 925 3060 numero
959 2995 1036 3059 illud
1070 2994 1151 3058 addo
1183 3018 1220 3057 es

77 3105 231 3188 Aeschyli
254 3105 383 3190 Septem
405 3105 445 3170 ad
468 3105 595 3170 Thebas
619 3128 648 3170 v.
676 3107 756 3170 1028
782 3103 906 3194 [102l]:

229 3259 336 3340 τάφον
357 3261 420 3338 γὰρ
442 3261 545 3342 αὐτῷ
569 3261 619 3324 καὶ
641 3261 845 3340 καταεκαφὰε
869 3259 946 3337 ἐγώ,

229 3371 309 3448 γυνή
332 3389 394 3448 περ
417 3369 506 3450 odeo,
531 3373 629 3452 τῷδε
652 3370 879 3449 μηχανήεομαι,

228 3479 339 3563 κόλπῳ
362 3481 506 3559 φέρουεα
529 3480 675 3560 βυεείνου
698 3481 923 3556 πεπλώματος,

231 3591 327 3669 καύτὴ
351 3590 502 3669 καλύψω·
525 3591 602 3669 μηδέ
625 3611 671 3674 τῳ
693 3589 770 3672 δόξῃ
793 3590 904 3654 cdliv:

78 3741 263 3824 incorrupta
285 3739 370 3806 euim
392 3740 470 3804 haec
494 3763 562 3806 esse
586 3741 739 3822 arbitror,
770 3745 863 3824 atque
891 3741 1036 3824 improbe
1059 3739 1220 3804 Piersonis

78 3851 295 3931 coniecturam
318 3851 413 3931 αὐτὴ
436 3855 566 3934 propter
588 3851 708 3930 καύτή
733 3851 829 3914 verba
853 3873 882 3916 v.
910 3851 987 3914 1031
1015 3849 1133 3938 [leuel.

142 4123 169 4186 ¹¹²)
191 4120 309 4188 [Nollem
328 4139 371 4174 me
391 4121 508 4188 fugisset
526 4123 558 4174 G.
580 4121 731 4175 lleruumni
750 4121 786 4174 ad
805 4120 949 4190 Sophoclis
970 4121 1084 4172 l'lrilocl.
1105 4127 1154 4174 ³15
1173 4121 1216 4174 ml·

77 4213 184 4268 notatio
208 4231 291 4282 super
314 4215 425 4282 repetiti
449 4214 619 4284 pronominis
645 4214 805 4268 rationibus,
844 4215 923 4267 Nilne
947 4215 1006 4266 lum
1028 4231 1061 4266 cr
1085 4213 1137 4267 illis
1158 4232 1219 4268 mea

76 4305 271 4360 iudicalumtur
289 4307 514 4374 qualiacumque,
534 4311 591 4360 tum
612 4307 679 4362 meis
699 4307 901 4376 srmplehuntur
920 4307 1134 4361 Hermanniana
1174 4312 1217 4361 Ea·

77 4403 213 4454 Ascende
228 4421 255 4468 ρ.
275 4401 327 4470 dt]
