3052 5136
306 396 367 460 706
696 412 856 460 scannia
880 411 1051 486 crumena.

305 565 477 644 (ώκρατεε,
502 564 650 652 odron]
697 563 758 627 Sed
781 566 1000 628 hexametrum
1022 564 1113 627 illum
1135 565 1180 628 sic
1203 566 1350 648 perpolio:

433 675 458 739 εἰ
481 678 515 739 δὲ
538 677 617 739 κακὰ
640 676 794 753 (πείραις,
823 678 902 738 κακά
925 677 957 738 κ’
979 675 1092 740 ἔνθεν
1115 676 1315 755 ἀπαμήεαιο.

307 783 392 867 [Non
422 785 484 866 sic,
515 787 541 847 si
571 785 645 867 quid
673 807 759 848 nunc
781 784 888 866 video,
919 785 1143 869 corrigendum
1172 789 1242 849 erat
1268 786 1340 848 satis
1364 784 1416 846 lau-

304 894 411 978 guide,
436 895 490 958 sed
513 895 626 957 saltem
648 895 709 958 hoc
732 896 891 978 exemplo:
915 896 964 959 καί
987 916 1041 961 κεν
1065 897 1137 960 κάκ’
1158 895 1341 974 ἀπαμήεαιο.
1371 893 1417 956 Sed

305 1027 415 1068 verum
438 1009 487 1068 est
508 1005 570 1068 nisi
594 1006 703 1068 fallor:

431 1117 457 1180 εἰ
480 1118 514 1180 δὲ
537 1118 646 1180 κακὸν
670 1116 821 1194 (πείραις,
849 1118 910 1180 καί
940 1137 1005 1180 κεν
1028 1117 1136 1181 κακὸν
1161 1117 1314 1200 ἀμή(αιο.]

389 1250 579 1314 Coniectura
602 1253 708 1313 autem
730 1251 768 1313 de
789 1250 968 1313 Pausaniae
990 1251 1095 1314 verbis
1122 1255 1233 1314 nostra
1256 1250 1324 1313 vide
1344 1271 1418 1332 quam

304 1361 433 1444 egregie
467 1361 672 1423 confirmetur
706 1381 796 1423 versu
829 1361 1101 1443 Lycophronis
1134 1361 1198 1424 850
1232 1359 1416 1437 Cassandrae,

304 1470 391 1533 cuius
424 1470 561 1553 pristina
598 1471 773 1553 scriptura,
813 1473 939 1534 serrata
972 1493 991 1534 a
1025 1469 1189 1553 Stephano
1224 1470 1372 1554 Byzantio
1397 1491 1419 1528 r.

303 1581 417 1657 Αἶγυεε

429 1694 479 1755 καὶ
502 1694 607 1756 πάντα
629 1693 773 1769 τλή(ε(θ’
796 1691 907 1756 οὕνεκ’
924 1691 1073 1766 hirriat
1096 1691 1193 1757 ruvo(
1214 1729 1257 1739 -

305 1829 453 1909 corrupta
477 1830 525 1888 est
546 1827 580 1888 in
604 1825 837 1908 exemplaribus
859 1827 892 1888 iu
909 1828 1093 1904 Ἀργείας.
1124 1825 1214 1900 Quod
1230 1825 1353 1910 quidem
1372 1846 1421 1887 uuu

304 1940 536 2018 perspexerunt
558 1936 607 1998 vel
631 1935 796 2000 Berkelius
824 1936 875 1999 vel
898 1935 1045 1998 Potterus
1075 1933 1125 2021 [ac
1152 1958 1194 1999 ne
1218 1936 1421 2000 Bachmanum

305 2045 431 2128 quidem
458 2045 676 2129 Lycophronis
705 2047 753 2108 sui
781 2068 812 2127 p.
836 2046 899 2110 625
927 2067 1040 2129 parum
1069 2046 1170 2128 perite
1198 2045 1278 2109 mihi
1300 2047 1421 2108 adversa·

304 2154 379 2242 tusl.
395 2194 437 2205 —
454 2155 601 2220 Ceterum
616 2157 712 2232 Αἶγα(
727 2157 819 2220 πόλις
842 2156 916 2218 urbs
941 2159 989 2218 est
1012 2176 1082 2218 cum
1105 2177 1184 2240 agro
1207 2179 1274 2239 suo,
1298 2177 1354 2239 qua
1373 2153 1422 2234 sig·

306 2267 491 2330 nificatione
521 2267 599 2330 adeo
628 2268 765 2345 adhrcpo
796 2270 984 2349 usurpatum
1013 2269 1061 2328 est
1095 2267 1135 2329 ab
1169 2267 1327 2349 Aeschylo
1352 2264 1421 2327 Pers
1499 2271 1500 2274 ’

305 2399 332 2442 v.
356 2377 418 2440 481
445 2376 542 2464 [484]u
580 2376 762 2458 Numquam
786 2376 870 2440 enim
894 2377 1067 2456 eitssdhhew
1091 2376 1134 2442 εἰ(
1157 2414 1200 2424 -
1222 2377 1262 2438 de
1283 2376 1356 2438 urbe
1374 2373 1422 2435 dir·

269 2497 283 2544 7
303 2489 371 2549 tum
386 2487 518 2549 memini
534 2509 553 2549 a
569 2486 762 2550 Graecorum
778 2486 984 2570 quoquam.*)
998 2522 1039 2534 -
1055 2485 1114 2548 Illo
1131 2490 1239 2549 autem
1254 2491 1345 2570 pacto
1358 2480 1422 2566 quod

305 2597 486 2658 continetur
515 2596 610 2661 οὗτος
638 2596 826 2678 pronomine
854 2596 1061 2678 attributum,
1091 2617 1157 2659 non
1187 2600 1237 2658 est
1259 2618 1276 2659 e
1299 2591 1423 2677 capite?

302 2707 542 2788 arcessendrun,
574 2707 628 2769 sed
656 2707 756 2769 multo
784 2706 959 2789 simplicius
988 2709 1021 2768 et
1049 2706 1110 2769 arti
1140 2705 1375 2768 convenientius
1394 2723 1421 2762 cr

303 2816 454 2899 proximis
477 2816 582 2879 verbis
605 2815 828 2900 repetendum:
866 2821 931 2891 dic,
967 2837 1053 2894 quem
1080 2821 1169 2878 modo
1198 2821 1331 2879 dicebam
1352 2817 1421 2888 Arpi·

303 2948 406 2990 uorum
429 2949 536 3004 aprum
560 2939 704 2992 vastasse.
734 2925 904 2989 Praeterea
921 2927 939 2989 ὁ
958 2926 1102 3006 articula
1127 2946 1221 3008 quern
1245 2945 1328 2988 nimo
1349 2920 1421 2983 vide·

303 3036 399 3098 etiam
429 3036 462 3098 in
486 3036 624 3100 Bclrheri
647 3036 754 3099 codice
777 3035 939 3116 Parisino,
971 3034 1046 3098 licet¹
1068 3055 1216 3116 perverse
1243 3033 1419 3098 collocatum.

303 3145 365 3228 legi
398 3144 486 3231 [item
515 3147 548 3209 in
572 3147 790 3230 Angelicano,
821 3145 1025 3228 [lugdunensi
1054 3144 1170 3226 altero,
1201 3138 1420 3208 Vindoboucusi

303 3257 403 3318 altero
427 3256 510 3338 apud
534 3256 746 3320 Schuhmtum
770 3255 1006 3336 Walziumque‚
1032 3255 1201 3337 inquibus
1225 3252 1365 3317 omnibus
1385 3261 1419 3309 cst
1499 3255 1500 3270 ¹

302 3369 351 3430 καὶ
376 3367 394 3429 ὁ
417 3368 450 3430 ἐ(
473 3368 554 3450 τὴν],
580 3388 645 3430 uon
667 3366 811 3428 videmur
835 3386 942 3428 carere
965 3386 1072 3447 posse:
1097 3385 1172 3426 nam
1196 3364 1263 3426 sive
1285 3364 1323 3442 ἠν
1344 3359 1420 3422 vero·
1499 3353 1500 3410 ἶ

302 3477 467 3559 suppletur
490 3476 694 3559 participium
718 3476 783 3538 sive
806 3479 935 3557 aptatur
958 3495 995 3537 ex
1019 3475 1159 3558 ἐδῄωεεν
1183 3472 1294 3554 verbo,
1316 3478 1418 3535 seuten-

302 3586 349 3648 tia
372 3587 501 3649 effertur
522 3590 685 3668 tamquam
701 3586 864 3648 narrantis
888 3606 936 3647 res
959 3584 1160 3666 praeteritas,
1185 3605 1246 3646 uec
1262 3604 1320 3666 quo
1335 3578 1418 3643 calent

302 3698 362 3774 γάρ
386 3696 544 3778 particula
566 3696 774 3778 perspicitur-3
804 3698 915 3757 contra
943 3693 1040 3757 οὗτος
1063 3696 1124 3772 γὰρ
1147 3693 1165 3756 ὁ
1189 3693 1332 3773 ἐεβσλών
1352 3688 1418 3750 dida
1499 3685 1500 3744 ὲ

303 3809 378 3868 sunt
400 3806 516 3869 omisso
539 3806 617 3886 ἑετί,
642 3809 851 3887 spectantque
880 3802 920 3865 ad
943 3825 1093 3885 praesens
1116 3823 1181 3866 non
1204 3799 1358 3864 narrantis
1377 3791 1417 3856 sul
1499 3809 1500 3844 i

304 3916 516 3979 existimantis
544 3915 712 3996 iudicium,
746 3919 840 3997 atque
867 3914 927 3991 γάρ
956 3913 1115 3996 particula
1138 3911 1317 3975 declaratur
1337 3903 1416 3969 ousi-
1499 3909 1500 3936 ³

303 4026 380 4088 lium
410 4026 573 4107 scriptoris
603 4047 708 4087 rerum
729 4025 763 4087 in
787 4024 918 4086 diuersis
942 4023 1018 4086 loeis
1042 4028 1349 4085 crimmemoratarum
1367 4036 1416 4076 rnr-

371 4247 394 4310 *)
410 4245 528 4312 [Fcl‘cllit
546 4245 688 4298 memoria.
714 4244 797 4297 Velut
815 4243 889 4312 apud
907 4223 1067 4296 Diodorum
1077 4241 1122 4306 IV,
1140 4248 1170 4294 51
1191 4241 1279 4310 ipsum
1296 4236 1369 4290 hahes
1384 4229 1411 4281 dr
1499 4289 1500 4294 ¹

303 4343 357 4404 τήν
371 4341 454 4392 πόλιν
468 4340 603 4402 εἰ(βαλεῑν
622 4341 801 4404 (spraruquam
818 4337 857 4390 ibi
869 4355 941 4389 nuuc
955 4336 1045 4388 editur
1064 4337 1212 4400 ἐμβαλεῖν),
1232 4333 1332 4397 aliaque.
1343 4341 1410 4378 cirm-

303 4433 350 4499 pla
369 4431 442 4498 apud
462 4431 596 4483 Thesauri
615 4431 795 4497 Stephanium
821 4430 940 4482 editores
960 4433 978 4482 t.
1000 4429 1037 4480 lll
1056 4447 1081 4496 p
1102 4429 1171 4495 310]
