2982 5146
378 371 426 416 νο
449 371 540 416 sinn.
564 371 668 418 lanx.
691 373 736 418 nr
757 372 973 422 ersrsrnlro.
1186 361 1245 424 149

91 545 228 605 prorsus
260 521 405 585 seiuncta
441 521 560 584 habeas
598 522 739 588 indicum
776 525 1042 588 conficiendorum
1079 527 1244 610 negotium

93 631 289 698 Callimachi
319 633 350 694 et
378 631 603 696 custodiendae
630 632 843 698 bibliothecae
871 657 985 698 munus
1007 634 1241 700 Eratosthenis.

92 741 133 804 ld
157 743 266 804 autem
294 741 347 824 qui
375 741 436 805 sibi
459 743 668 826 persuaserit,
700 743 793 826 quid
815 743 946 808 landem
969 745 1007 807 de
1030 744 1243 810 Eratosthene

91 850 253 914 traditum
274 848 383 914 dicet?
419 849 576 914 Nimirum
599 875 618 916 a
638 851 848 936 Philadelpho
870 853 959 917 illum
981 853 1074 916 modo
1096 855 1243 919 conditae

92 959 312 1024 bibliothecae
339 959 536 1044 praefectum
565 983 643 1025 esse.
688 961 736 1024 Εο
759 962 900 1026 enimin
929 963 1120 1046 reliquorum
1143 965 1243 1028 conti-

91 1070 223 1134 nuitate
252 1072 304 1132 sat
330 1069 502 1134 manifesto
529 1069 609 1134 haec
637 1071 761 1135 valent:
797 1073 1010 1150 Ἐρατοεθένει
1032 1075 1067 1136 δὲ
1095 1073 1241 1158 ἡλικιωτῇ

92 1179 300 1259 Καλλιμάχου
318 1181 407 1258 παρὰ
420 1183 479 1244 τοῦ
502 1181 655 1260 βοειλέωε
677 1181 714 1245 τὸ
737 1184 886 1247 τοιοῦτον
901 1182 1103 1262 ἐνεπιετεύθη
1127 1159 1257 1263 βιβλιοᾸ

91 1290 267 1368 φυλάκιον.
312 1288 412 1372 Atqui
439 1288 519 1352 haec
547 1293 602 1352 aut
629 1289 772 1374 graviter
801 1293 949 1372 corrupta
971 1295 1046 1354 sunt
1074 1296 1130 1355 aiut
1156 1292 1242 1356 dicta

89 1399 279 1462 falsissime.
336 1397 460 1481 Quippe
493 1401 525 1462 et
557 1398 820 1480 Eratosthenem,
858 1403 970 1463 natum
1007 1423 1079 1466 eum
1113 1401 1239 1486 Olymp.

91 1507 234 1572 CXXVI
241 1557 249 1590 ,
279 1507 423 1571 novimus
452 1509 493 1572 ab
515 1508 677 1592 Euergetis
705 1507 830 1572 demum
854 1508 1083 1572 Alexandriam
1111 1511 1241 1574 arcessi-

89 1623 184 1699 tum,
208 1617 427 1701 et·primum
450 1616 664 1681 bibliothecae
687 1617 885 1702 praefectum
901 1617 1096 1682 Zenodotum
1120 1621 1171 1704 (bc
1193 1623 1244 1685 καὶ
1261 1635 1293 1684 31

90 1732 228 1807 πρῶτος
254 1732 321 1793 τῶν
343 1728 484 1808 Ὁμήρου
512 1729 695 1808 διορθωτὴεΔ
714 1729 844 1803 ἐγένετο
872 1729 922 1794 καὶ
949 1733 1016 1794 τῶν
1038 1729 1074 1794 ἐν
1098 1733 1243 1797 Ἀλεξαν-

89 1838 189 1920 δρείᾳ
210 1840 418 1918 βιβλιοθηκῶν
441 1839 579 1918 προῦετη
602 1841 684 1900 teste
700 1836 822 1921 Suida).
854 1837 980 1913 Quanto
1002 1839 1103 1923 igitur
1125 1840 1242 1905 rectius

89 1947 218 2011 latinus
240 1947 413 2029 interpres:
442 1968 512 2011 ιιοιι
541 1954 597 2011 ila
626 1954 740 2011 mullo
764 1959 849 2027 post
869 1954 1001 2012 neodem
1022 1961 1121 2014 custos
1142 1954 1241 2015 biblio

88 2064 214 2121 thecae.
252 2056 364 2140 Itaque
386 2055 483 2120 facile
504 2055 705 2138 adducimur,
734 2059 769 2119 ut
791 2059 846 2119 aut
868 2057 1034 2120 librarium
1056 2063 1112 2122 aiut
1134 2060 1242 2142 negle-

89 2170 214 2252 genter
242 2169 464 2249 excerpentem
496 2165 742 2250 grammatioum
772 2165 934 2248 culpemus
966 2170 1097 2250 propter
1125 2167 1241 2232 omissa

89 2276 177 2340 haee
206 2275 255 2338 vel
283 2275 416 2339 similia:
450 2277 538 2355 παρὰ
569 2279 628 2340 τοῦ
659 2273 897 2361 [διαδεξαμένου
928 2277 987 2341 τὸν
1021 2277 1239 2363 Φιλάδελφον]

90 2387 267 2466 βαειλέωι,
300 2384 349 2448 vel
387 2385 561 2467 simplicius
595 2384 692 2448 etiam
729 2387 817 2464 παρὰ
849 2389 906 2449 τοῦ
946 2383 1039 2472 [iilic]
1074 2388 1239 2465 βαειλὲωει

88 2495 228 2558 tametsi
250 2517 330 2578 quae
352 2497 541 2578 sequuntur,
565 2494 738 2574 ἐγχειρὶεαε
753 2532 795 2542 -—
812 2495 1041 2574 ἑρμηνευθῆναι
1056 2496 1240 2575 πεποίηκεν,

88 2625 222 2668 mrsum
245 2603 285 2666 ad
299 2602 545 2687 Philadelphum
568 2607 713 2687 spectare
736 2607 882 2686 apertum
904 2607 962 2668 est.
994 2603 1054 2667 Vel
1070 2605 1115 2668 sic
1132 2608 1240 2670 lamen

89 2715 200 2776 restat
227 2717 278 2794 ut,
307 2735 363 2776 cur
389 2712 537 2795 tandem,
571 2735 632 2797 quo
663 2713 795 2776 consilio
829 2717 862 2776 et
894 2713 1128 2776 sententiarum
1157 2735 1240 2778 nexu

88 2822 174 2886 illud
197 2844 311 2886 munus
333 2821 602 2886 Eratosthenemu
626 2845 696 2886 oum
717 2823 847 2885 omniuo
869 2827 937 2886 tum
959 2821 1019 2886 hoc
1041 2823 1240 2905 potissimum

89 2933 166 2996 loco
183 2935 459 3014 commemoretur,
484 2933 664 3016 quaeratur.
697 2931 754 2996 Oui
776 2931 902 3015 quidem
917 2931 1095 3015 quaestioni
1111 2953 1240 3014 respon-

90 3042 172 3105 dere
196 3041 304 3124 paullo
325 3044 398 3124 post
421 3041 616 3105 conabimur.
648 3041 743 3104 Nunc
766 3041 851 3104 enim
873 3040 1067 3105 redeundum
1090 3041 1128 3103 ad
1146 3040 1240 3106 Calli·

89 3149 262 3232 machum,
297 3157 428 3215 aulicum
462 3157 578 3229 replum
605 3155 875 3216 bibliothecarium.
924 3149 963 3214 In
995 3150 1107 3233 quibus
1136 3151 1240 3214 verbis

88 3263 202 3344 ipsum
238 3266 356 3324 arilicus
390 3281 507 3324 nomen
545 3261 579 3323 in
610 3259 819 3342 suspitionem
852 3259 978 3324 vocavit
1015 3258 1240 3343 Bernhardyus

89 3393 125 3454 p.
152 3369 233 3450 828,
263 3373 390 3452 praeter
418 3369 575 3433 rationem
598 3373 634 3432 ut
655 3369 747 3432 nobis
770 3369 904 3432 videtur.
949 3369 1020 3432 Nisi
1044 3368 1129 3433 enim
1157 3369 1239 3432 falli-

87 3499 183 3558 mur,
211 3481 277 3542 tale
299 3478 448 3562 quiddam
471 3478 571 3541 Italus
599 3477 771 3541 scholiasta
794 3477 905 3540 vertit:
934 3479 953 3542 δ
982 3482 1048 3543 τῶν
1076 3479 1154 3542 κατὰ
1181 3481 1240 3556 τὴν

89 3589 256 3670 βαείλειον
289 3589 391 3668 αὐλὴν
423 3590 633 3667 βιβλιοθηκῶν
662 3589 878 3667 προεετηκώει
914 3608 1006 3670 quem
1040 3587 1120 3666 αὐλή
1153 3587 1239 3650 νοοίιι

88 3719 188 3760 usum
220 3697 271 3760 vel
304 3696 482 3780 Polybiane
515 3696 780 3780 Herodianeaque
816 3697 919 3760 lerion
951 3696 1030 3760 satis
1066 3699 1237 3760 testantur.

88 3806 217 3880 Quibus
244 3805 328 3870 idem
356 3827 484 3890 prorsus
507 3805 723 3890 significatur,
754 3805 836 3888 quod
859 3807 908 3869 est
930 3805 963 3868 in
986 3805 1053 3868 vita
1075 3805 1238 3888 Apollonii

90 3914 230 3978 Rhodii:
260 3915 463 3981 brantrude
479 3918 825 3996 βιβλιοθηκῶντοῦ
849 3915 1048 3979 Μουεείοιι
1071 3912 1137 4000 [τῆς
1160 3935 1233 3993 προ·

89 4023 232 4111 cruciat]
256 4024 426 4102 ἀξιωθῆναι
448 4023 556 4090 αὐτόν.
594 4022 740 4086 Eandem
762 4023 848 4086 enim
863 4045 930 4086 esse
954 4027 1080 4086 constat
1100 4023 1158 4100 τὴν
1180 4027 1239 4086 τοῦ

91 4133 258 4198 Μουιείοο
286 4136 319 4196 et
345 4137 404 4212 τὴν
433 4135 527 4202 ἐνιόε
553 4139 620 4198 τῶν
649 4132 839 4212 ἀνακτόρων
866 4132 925 4195 vel·
939 4133 1017 4196 κατὰ
1039 4133 1079 4195 τὰ
1102 4131 1239 4210 aarum

90 4242 305 4322 βιβλιοθήκην.
334 4241 424 4316 Quod
439 4242 466 4304 si
481 4264 547 4306 non
569 4242 678 4326 inepte
693 4241 862 4305 statuimus
869 4292 877 4323 ,
901 4241 1005 4325 magis
1025 4239 1122 4303 etiam
1144 4261 1238 4322 quam

91 4350 235 4415 antehac
259 4371 297 4413 ea
313 4350 557 4434 confirmantur,
581 4371 662 4436 quae
684 4349 723 4413 dc
738 4349 993 4414 administranda
1008 4349 1110 4412 altera
1127 4348 1238 4412 biblio-
