3052 5136
307 312 369 376 734
700 329 860 378 sermons
883 329 1056 376 carmem.

255 496 286 543 :n
307 482 483 565 principem
506 481 680 546 identidem
704 483 927 567 compellasse,
951 487 1046 568 atque
1069 505 1156 547 nunc
1177 484 1257 547 adeo
1276 491 1311 548 ut
1331 491 1421 568 surgat

304 593 343 655 de
366 593 492 656 sedibus
520 594 698 676 postulare,
729 594 790 657 nisi
819 595 905 658 intus
934 617 1002 658 esse
1025 595 1158 658 Aiacem
1186 617 1360 678 persuasum
1379 597 1421 658 lra-

305 704 402 766 beat‘?
423 703 455 766 id
479 704 560 786 quod
578 705 675 768 etiam
690 711 765 789 τᾷδε
788 706 986 788 pronominis
1002 705 1221 769 additamento
1245 705 1421 791 significatur

304 814 439 897 quodam
461 815 565 878 modo.
597 815 716 880 Verum
739 838 780 880 ne
802 817 872 900 quis
896 818 1026 880 chorum
1042 816 1216 880 arbitretur
1238 816 1373 881 desiderii
1392 839 1420 879 ae

303 927 456 988 macroris
479 927 585 989 sensui
608 927 686 989 adeo
708 927 890 1011 indulgere,
920 931 956 989 ut
978 927 1078 990 animi
1101 927 1304 991 commotioni
1325 927 1420 990 nimiae

305 1037 413 1099 Aiacis
430 1037 603 1119 appellatio
619 1042 782 1120 tamquam
798 1037 977 1119 praesentis
993 1036 1163 1100 tribuenda
1179 1037 1231 1119 sit,
1256 1038 1300 1100 sic
1314 1038 1417 1100 habet».

303 1147 374 1209 Etsi
398 1147 483 1210 enirn
507 1147 583 1210 illud
607 1147 709 1211 scire
733 1147 846 1210 choms
861 1168 925 1211 non
945 1151 1055 1231 aperte
1070 1148 1203 1231 dicitur,
1227 1153 1331 1211 tamen
1352 1148 1416 1210 idern

305 1280 375 1320 enm
398 1257 555 1320 nescire
578 1257 747 1321 dilucidius
776 1263 845 1321 erat
866 1257 1105 1321 declarandum.
1151 1257 1221 1321 Hoc
1245 1259 1325 1322 enim
1345 1261 1418 1341 pacto

305 1371 554 1431 consentaneum
585 1372 634 1431 est
662 1391 733 1432 eum
760 1368 911 1452 deinceps
945 1389 983 1431 ex
1009 1368 1178 1433 Tecmessa
1211 1369 1417 1432 sciscitaturus

304 1478 411 1561 luisse,
435 1479 565 1542 ubinam
588 1483 769 1543 versaretur
791 1480 891 1560 Aiax,
921 1479 971 1541 vel
995 1483 1080 1542 certe
1102 1479 1282 1542 mirationis
1304 1485 1353 1543 aut
1372 1479 1416 1541 lae-

303 1589 395 1651 titiae
418 1611 528 1652 sensus
551 1590 766 1673 proditurum,
790 1590 844 1652 ubi
867 1589 1037 1652 Tecmessa
1058 1589 1145 1652 foras
1174 1611 1337 1674 progressa
1360 1589 1417 1651 Aia·

307 1722 374 1762 cern
398 1705 584 1764 narraverat
612 1701 645 1763 in
668 1701 876 1763 tabernaculo
903 1699 1007 1764 iacere
1032 1699 1123 1784 gravi
1152 1701 1263 1764 morbo
1284 1701 1415 1764 allectum.

304 1811 443 1873 (lmnino
476 1815 583 1874 autern
617 1811 669 1894 qui
703 1811 807 1894 possis
841 1833 860 1873 a
888 1813 1125 1894 sapientissimo
1159 1814 1253 1895 poeta
1284 1811 1337 1874 hoc
1365 1830 1416 1871 esse

304 1921 505 1983 commissum
535 1921 678 2003 credere,
713 1925 748 1984 ut
781 1922 877 1985 istam
911 1922 998 1985 chori
1032 1923 1162 1986 finxerit
1195 1920 1412 2005 ignorationem,

303 2053 383 2113 quae
411 2032 592 2114 quamnim
616 2032 733 2094 habeat
761 2033 800 2094 ad
831 2033 967 2116 reliqua,
999 2032 1145 2117 intellegi
1174 2031 1307 2115 nequit?
1344 2027 1412 2103 Quod

304 2164 374 2204 eum
397 2143 443 2206 ita
466 2144 522 2225 sit,
552 2165 618 2205 non
646 2147 752 2226 potest
780 2142 862 2225 quod
889 2144 1055 2227 vulgatrun
1079 2146 1127 2205 est
1149 2143 1355 2224 ineormptum
1373 2142 1412 2200 lra-

304 2253 380 2316 beri.
413 2252 531 2315 Videor
554 2257 659 2315 autem
684 2253 838 2335 pristinae
861 2253 1037 2336 scripturae
1054 2253 1272 2336 integritatem
1288 2251 1328 2315 sic
1341 2269 1412 2333 posse

304 2364 484 2426 restituere:

454 2526 584 2606 (τηρίζει
607 2528 696 2590 ποτὶ
718 2527 791 2609 τᾷδ’
813 2526 944 2610 ἀγωνίῳ
967 2528 1083 2610 (χολᾷ,

303 2694 333 2756 id
363 2695 444 2776 quod
473 2696 514 2757 ab
547 2696 703 2779 imperitis
737 2697 784 2759 vel
816 2695 1062 2758 dormitantibus
1091 2694 1230 2758 librariis
1258 2693 1355 2756 eadem
1377 2695 1409 2751 est

302 2806 539 2886 ‹lepnwationis
568 2807 673 2889 speeie
696 2807 861 2891 allectum,
891 2828 953 2889 qua
975 2804 1222 2869 Traclriniarum
1250 2826 1333 2868 versu
1355 2802 1410 2863 irre·

303 2915 366 2996 psit
390 2915 420 2976 in
445 2915 658 2978 'l'riclinianos
682 2917 779 2979 libros
802 2917 841 2996 μή
864 2937 943 2982 ποτε
965 2917 1094 2997 ψαύων.
1140 2915 1262 2979 Partim
1284 2911 1411 2996 aequalia.

303 3025 418 3108 partim
452 3026 568 3088 similia
603 3029 770 3109 corruptae
808 3028 882 3090 ποτί
923 3026 1043 3088 lomrae
1079 3026 1225 3110 exempla
1257 3019 1412 3109 perstrinxit

303 3135 442 3198 lioenius
466 3135 505 3198 ad
529 3137 717 3220 (tragurium
750 3159 780 3219 p.
808 3137 868 3200 194
890 3161 936 3220 sq.
983 3136 1153 3220 Reliquum
1181 3141 1230 3199 eat
1257 3134 1411 3211 autemut

302 3245 449 3328 loquendi
474 3250 568 3329 atquc
592 3247 670 3310 adeo
693 3247 853 3310 sentiendi
875 3269 976 3331 genus
1000 3247 1215 3331 expediamus,
1239 3245 1317 3330 quod
1337 3241 1411 3306 cerni·

302 3356 409 3418 turin
432 3357 537 3418 verbis
565 3358 695 3437 (τηρίζει
718 3361 791 3423 ποτὶ
814 3360 928 3441 (χολᾷ,
958 3357 1054 3440 plane
1085 3357 1278 3421 conveniens
1303 3352 1368 3418 illud
1389 3351 1411 3411 iu

303 3466 465 3548 cogitandi
510 3467 708 3530 alacritatem
748 3467 1011 3551 describendiquc
1050 3468 1244 3551 gravitatem
1280 3469 1410 3550 poetarum

301 3597 504 3658 graecorum,
534 3579 587 3660 qui
616 3600 682 3640 rem
716 3600 872 3661 (piamque
905 3578 946 3640 ab
969 3597 1119 3641 sensuum
1147 3578 1310 3641 intellectu
1333 3573 1410 3636 seiuu·

302 3693 384 3749 etam
414 3689 500 3752 uolut
529 3692 729 3772 praesentem
763 3689 861 3752 (acidis
890 3688 1066 3752 intuentur.
1116 3689 1218 3762 Quem
1251 3687 1289 3751 ud
1314 3682 1409 3748 modun

301 3798 400 3879 igitur
423 3799 659 3861 calamitatilms
682 3799 839 3862 afflictum
862 3800 910 3862 vol
935 3799 1125 3862 necessitate
1149 3798 1330 3861 adstrictum
1349 3793 1409 3854 dire·

300 3911 375 3970 runt
409 3910 443 3973 ἐν
477 3913 634 3989 πημοναῖς
669 3910 897 3988 ἐνεζευγμένον
931 3910 980 3973 vel
1014 3909 1166 3986 ἀνάγκαι(
1194 3906 1409 3985 offertorios.

300 4021 334 4078 ut
359 4023 407 4080 est
430 4020 513 4101 apud
537 4019 730 4102 Aeschylum
754 4019 934 4082 Promethei
958 4042 986 4085 v.
1008 4021 1071 4084 579
1096 4018 1182 4105 [577]
1207 4026 1240 4082 et
1265 4019 1331 4082 108.
1355 4013 1408 4074 iou

302 4128 383 4208 apud
419 4129 608 4211 Soplnnlem
640 4131 747 4192 Aiacis
777 4152 803 4193 v.
838 4131 899 4193 723
935 4128 1035 4217 ll3ssl:
1064 4130 1140 4195 νέα(
1175 4131 1291 4209 βουλὰ(
1320 4125 1406 4191 storto
1487 4197 1488 4216 Χ

251 4263 282 4302 :is
301 4239 527 4312 ἐγκαταζεύξαε
550 4243 696 4321 codron:
721 4239 850 4303 llorneri
874 4239 958 4302 eninr
982 4239 1041 4323 ἄτῃ
1068 4241 1196 4318 ἐνέδηεε
1225 4237 1323 4319 βαρείῃ
1348 4251 1405 4292 aaru-

301 4369 475 4412 memorare
499 4351 577 4413 nihil
602 4351 857 4433 attinettatqne
880 4351 911 4411 in
937 4351 1046 4412 eadem
1069 4350 1124 4411 illa
1148 4347 1306 4431 Sophoclis
1325 4337 1403 4405 lalull
