2990 5140
321 352 381 415 178
728 370 774 414 aa
798 367 1057 416 srrcuonnram

318 521 531 600 διεμυρίων
560 521 666 583 ἐπῶν
694 522 769 584 τοὺ(
797 522 1019 584 ἐπιδεικτικοὺς
1048 523 1113 582 τῶν
1142 519 1249 593 λόγων
1278 538 1460 596 conperpe-

318 633 421 710 μένῳ,
444 630 574 694 πλείου(
598 633 632 694 δὲ
655 632 673 708 ἢ
698 630 737 694 ιε’
764 631 974 709 μυριάδας,
1002 631 1037 692 ἐν
1062 629 1109 692 οἷ(
1132 630 1188 693 τά(
1211 650 1244 693 τε
1267 633 1332 693 τῶν
1354 630 1459 704 Ἑλλή-

255 719 258 730 '
318 763 386 806 νων
420 742 470 804 καὶ
504 741 673 821 βαρβάρων
707 741 834 817 πράξειε
868 742 956 819 μέχρι
991 744 1050 804 νῦν
1084 739 1367 817 ἀπαγγελλομὲναε
1397 739 1459 802 ten

318 853 441 930 λαβεῑνῑ
466 850 578 932 quibus
601 853 674 931 post
695 849 885 931 interposita
908 850 972 912 alia
994 849 1149 931 quaedam
1171 870 1295 911 rausum
1323 847 1404 909 haec
1428 849 1456 908 in

317 961 380 1022 fine
401 959 614 1022 subieirurtur:
637 964 737 1023 ταῦτα
753 960 848 1024 αὐτὸς
865 961 936 1038 περὶ
962 959 1061 1024 αὑτοῦ
1084 960 1198 1034 λέγων.
1229 957 1458 1020 Gravissimum

318 1069 377 1132 hoe
399 1070 498 1151 ipsius
521 1068 717 1151 Theopompi
740 1069 957 1131 testimonium
980 1073 1028 1131 est
1050 1071 1218 1150 propterea
1246 1067 1329 1150 quod
1351 1090 1458 1130 nurne

318 1180 489 1241 randorum
512 1200 657 1241 versuum
680 1200 798 1241 morem
822 1201 859 1241 ex
882 1179 937 1241 ill'o
965 1178 1114 1241 discimus
1138 1201 1203 1241 non
1232 1177 1273 1240 ab
1301 1177 1380 1260 ipsis
1409 1178 1456 1238 de-

317 1311 403 1350 mrmr
426 1287 653 1351 Alexandrinis
676 1289 907 1371 excogitatum,
933 1288 1043 1350 sodex
1066 1287 1243 1370 antiquiore
1259 1291 1364 1349 aetate
1390 1310 1456 1369 pro

318 1401 486 1480 pagabam,
512 1420 530 1459 a
553 1420 615 1480 qua
637 1398 711 1473 talis
734 1398 917 1480 diligentia,
942 1399 1059 1481 absque
1082 1397 1136 1460 illo
1158 1397 1343 1460 testimonio
1363 1412 1455 1463 esset.

318 1530 383 1570 non
411 1511 518 1590 posset
546 1529 611 1570 non
639 1508 716 1570 satis
745 1507 850 1570 aliena
878 1508 987 1570 videri.
1040 1507 1089 1571 Ne
1119 1508 1297 1590 attigerunt
1319 1507 1455 1589 quidem.

317 1619 370 1700 qui
393 1618 432 1680 de
455 1618 659 1699 Theopompo
682 1622 791 1679 nostra
814 1619 965 1680 memoria
982 1618 1188 1680 commentati
1203 1619 1287 1679 sunt.
1329 1614 1454 1701 [Quodsi

317 1729 372 1792 τά(
400 1749 433 1791 τε
456 1733 522 1791 τῶν
545 1729 704 1805 Ἑλλήνων
726 1729 775 1790 καὶ
799 1729 969 1806 βαρβάρων
997 1730 1124 1807 πράξει(
1147 1727 1218 1789 illas
1241 1727 1324 1789 solos
1348 1729 1455 1790 Φιλιπ-

317 1841 418 1900 πικῶν
441 1836 537 1898 libros
561 1836 666 1899 LVIII
694 1837 958 1919 interpretamur,
988 1837 1105 1920 singuli
1129 1836 1201 1898 libri
1225 1836 1456 1899 circIter‘2581'·

316 1968 462 2008 versuum
489 1945 633 2024 fue1unt3
665 1947 715 2008 sin
747 1947 883 2009 sociatos
911 1950 1100 2024 Ἑλληνικῶν
1133 1949 1227 2029 atque
1256 1948 1456 2010 Φιλιππικῶν

315 2054 413 2118 libros
437 2054 539 2137 LXX,
563 2077 709 2117 versuum
733 2037 859 2118 circiter
881 2057 974 2119 2143.
1020 2056 1091 2118 Hoc
1117 2055 1274 2138 probabat
1296 2054 1332 2119 C.
1357 2055 1454 2117 Muel-

316 2165 398 2227 lerus
422 2165 521 2246 praef.
547 2165 674 2248 Fragrn.
699 2164 773 2227 hist.
800 2165 912 2228 Graec.
937 2166 951 2228 Ι
980 2188 1010 2248 p.
1036 2165 1138 2228 LXIX
1161 2165 1234 2228 adn.
1262 2168 1294 2246 13
1317 2167 1454 2248 priorem

315 2275 471 2337 rationem
500 2275 663 2356 amplexus
698 2297 799 2357 nuper
828 2274 1020 2357 llernaysius
1055 2275 1111 2336 ‘de
1140 2275 1353 2356 Theophrasti
1387 2278 1456 2353 περὶ

314 2385 471 2464 εὐεεβείαε
493 2385 592 2446 libro'
616 2408 647 2467 p.
665 2385 716 2447 69.
736 2385 876 2448 17511011
899 2407 1048 2468 assequor
1070 2385 1123 2467 qui
1144 2384 1299 2468 potuerit,
1326 2385 1454 2447 calculis

313 2498 398 2556 recte
427 2493 605 2576 subducta,
640 2495 689 2556 vel
720 2494 764 2556 sic
798 2495 847 2556 bis
880 2495 1026 2558 millenos
1055 2516 1162 2557 versus
1195 2494 1332 2577 singidis
1365 2494 1453 2556 libris

313 2604 463 2665 tribuere.
493 2641 534 2648 —
562 2605 708 2665 (aarum
737 2606 940 2685 quantumvis
968 2605 1000 2667 hi
1029 2605 1151 2667 numeri
1181 2604 1339 2667 modicam
1368 2626 1452 2665 men-

315 2734 421 2773 suram
448 2711 537 2773 illam
565 2713 736 2793 excedant,
772 2737 865 2797 quarn
899 2715 965 2778 fere
996 2736 1146 2798 regnasse
1175 2715 1208 2777 in
1242 2713 1302 2776 hoc
1336 2735 1451 2797 genere

314 2821 458 2903 exempla
485 2821 600 2884 docent
629 2844 724 2904 supra
752 2823 803 2906 (de
831 2823 907 2885 bibl.
938 2823 989 2885 Al.
1014 2846 1045 2905 p.
1077 2825 1135 2886 131
1161 2822 1245 2910 [108]
1270 2826 1353 2907 sqq.)
1384 2846 1451 2905 pro-

314 2931 433 3012 posita,
468 2936 577 2994 tamen
606 2954 646 2994 ne
678 2932 751 3014 quid
780 2933 919 3015 scrupuli
953 2933 1105 3013 resideat,
1142 2934 1220 2995 satis
1250 2936 1378 2995 cautum
1407 2947 1449 2994 e-t

313 3039 465 3102 Herodoti
490 3045 521 3103 et
544 3041 669 3123 losephi
693 3043 844 3124 exemplis
867 3064 946 3125 quae
962 3043 1047 3105 infra
1070 3043 1319 3125 perscripsimus,
1358 3041 1449 3104 Prae-

312 3152 401 3211 terea
424 3171 539 3212 ιιονιιιιι
556 3151 773 3214 animadverto
796 3153 856 3230 ἔπη
879 3153 964 3215 vocis
981 3153 1158 3234 exemplum
1181 3175 1292 3235 prosae
1315 3153 1448 3216 orationi

314 3257 498 3345 adhibitae]
527 3298 568 3306 —-
595 3262 648 3343 1116)
678 3262 858 3342 Stephanus
887 3261 1021 3344 Byzant.
1040 3285 1068 3324 ν.
1098 3263 1234 3341 Φάεηλιε
1263 3263 1300 3325 de
1329 3262 1449 3325 Theo-

312 3368 442 3431 ‹lecta:
477 3371 514 3433 ὃ(
550 3371 677 3448 ἐποίηεε
710 3373 888 3455 τραγῳδία(
922 3371 950 3435 ν’
982 3373 1031 3436 καὶ
1059 3373 1227 3450 ῥητορικὰ(
1255 3373 1367 3451 τέχνα(
1405 3376 1449 3435 καὶ

313 3479 429 3554 λόγου(
453 3479 638 3558 ῥητορικοὺς
661 3482 767 3545 ἐπῶν
792 3507 846 3544 ιι,
885 3481 933 3543 Ιλο
956 3505 1016 3563 quo
1039 3481 1249 3545 Rulmkenius
1272 3481 1356 3544 Hist.
1379 3485 1446 3544 crit.

312 3591 391 3649 orat.
411 3588 519 3668 [1367
538 3589 653 3670 Opusc.
673 3591 720 3652 ed.
740 3591 839 3670 Lugd.
857 3592 930 3653 alt:
953 3599 999 3655 ‘e‘n
1016 3605 1160 3670 corrupto
1177 3591 1268 3654 ἐπῶν
1279 3600 1447 3656 oralirauur

312 3717 451 3758 uumerus
477 3705 574 3761 lutet!
620 3700 719 3762 lnnno
743 3701 895 3762 excidisse
919 3702 1058 3782 ipsormn
1085 3723 1252 3764 numemm
1275 3703 1363 3767 ἐπῶν
1387 3703 1447 3764 iarn

266 3820 292 3867 11
312 3803 501 3887 Salamiua,
528 3807 690 3870 llerhelius
714 3814 746 3871 et
768 3809 953 3872 llolstenius
980 3818 1217 3893 perspexerant.
1264 3811 1342 3876 Cum
1364 3835 1445 3876 reru.

311 3936 391 3996 qnae
414 3915 476 3977 illis
499 3917 594 4001 vulgo
619 3920 860 3982 continuantur:
884 3922 981 3984 ἐπῶν.
1012 3922 1150 3985 ἀπέθανε
1174 3923 1201 3986 δ’
1224 3923 1382 4001 Ἀθήνηει.
1405 3923 1446 3982 sic

309 4025 429 4107 scripta
452 4025 486 4088 in
508 4026 734 4111 llehdigerano
757 4034 896 4093 exstent:
926 4032 1015 4094 ἐπῶν
1039 4034 1087 4096 καὶ
1111 4032 1216 4108 duell,
1244 4031 1279 4094 in
1303 4031 1446 4095 Salmasii

310 4139 417 4197 autem
432 4135 581 4198 Palatino
597 4139 675 4200 adeo
692 4140 725 4201 in
741 4139 824 4202 hanc
841 4142 993 4221 spec-iem:
1017 4143 1106 4207 ἐπῶν
1128 4147 1178 4206 καὶ
1201 4144 1307 4217 dudd,
1332 4143 1446 4224 planis·

309 4243 387 4304 sime
416 4251 549 4326 apparet
578 4247 609 4308 in
639 4248 706 4330 ipso
734 4250 788 4311 illo
817 4273 865 4313 κοιι
898 4251 1111 4333 ‹piaerondanr
1142 4273 1209 4313 esse
1243 4251 1446 4334 depravatam

310 4355 431 4415 muneri
456 4357 667 4420 notationem:
699 4361 783 4420 velut
811 4356 877 4444 sslur'
904 4361 934 4420 h.
961 4383 987 4421 e.
1012 4361 1130 4423 ululo:
1161 4383 1233 4423 nam
1264 4362 1353 4444 ipsae
1375 4363 1446 4424 illae
