2942 5134
464 353 605 401 'l'lraGlCI
630 354 776 400 narare.
1127 337 1189 400 423

135 508 303 571 Maluimus
331 509 438 572 autem
465 507 557 571 huius
587 505 819 570 emendationis
846 505 1069 569 necessitatem
1093 511 1188 569 antea

58 619 265 682 demonstrare
293 639 332 682 ex
360 617 430 702 ipso
452 617 607 682 Diodoro:
637 638 722 680 nunc
744 614 834 700 quasi
858 616 1017 679 cumulum
1045 615 1189 680 addimus

58 726 295 810 Thucydidis
324 727 560 792 auctoritatem.
605 727 635 790 A
657 747 719 809 qno
741 725 824 810 quod
846 729 1040 808 postremam
1061 725 1188 790 Perdic-

59 858 108 900 cae
128 837 323 902 mentionem
345 837 468 901 factam
490 857 558 900 esse
581 838 736 919 putanmt
759 855 879 918 omnes,
903 835 956 920 qui
978 835 1012 899 in
1036 835 1187 900 Archelai

58 951 186 1011 aetatem
208 947 453 1031 inquisiverunt,
477 945 532 1010 lib.
550 944 596 1009 Vl
619 967 646 1010 c.
662 947 697 1030 7,
720 945 759 1009 de
782 966 844 1029 qno
865 944 987 1010 dictum
1009 949 1057 1008 est
1079 967 1186 1029 supra,

56 1056 202 1122 falluntur
238 1057 324 1122 haud
358 1055 572 1120 mediocriter.
628 1055 752 1139 Nempe
789 1053 1031 1139 praetermissus
1069 1056 1117 1119 est
1153 1056 1187 1119 in

58 1165 166 1230 Dukeri
188 1166 294 1232 indice
315 1189 346 1231 τ.
370 1165 586 1230 Perdiccas
608 1166 696 1230 locus
718 1165 773 1228 lib.
791 1164 854 1229 Vll
870 1187 896 1228 c.
914 1165 950 1246 9,
974 1186 1068 1248 quem
1090 1165 1187 1229 miror
1208 1185 1237 1231 ra

57 1275 144 1340 etiam
154 1274 272 1340 Naekii
294 1276 496 1362 dihgentiam
518 1275 759 1360 subterfugisse,
783 1274 1012 1340 thoeriliorum
1034 1297 1066 1358 p.
1083 1275 1124 1342 25
1139 1298 1185 1360 sq.

57 1407 112 1448 non
138 1387 395 1470 improbabiliter
428 1386 466 1449 de
495 1385 655 1450 Archelao
682 1384 886 1469 disputantis.
941 1383 1050 1450 Verba
1080 1389 1187 1450 autem

57 1495 237 1579 Thucydidis
259 1497 340 1560 haec
362 1499 452 1560 sunt:
485 1497 520 1562 ἐν
543 1498 578 1560 bt
600 1501 647 1580 τῷ
670 1495 758 1580 αὐτῷ
785 1495 869 1575 θέρει
896 1497 1084 1561 τελευτῶντι
1112 1495 1186 1579 (hoc

57 1609 98 1667 ast
117 1605 232 1690 olymp.
257 1605 341 1689 XCI,
365 1607 399 1690 3)
423 1607 472 1670 καὶ
495 1605 632 1671 Εὐετίιυν
655 1605 674 1670 ὁ
699 1605 873 1684 ττρατηγὸι
895 1605 1069 1684 Ἀθηναίων
1091 1607 1186 1684 μετὰ

56 1717 266 1794 Περδίκκου
290 1716 479 1797 ιτρατεύταε
501 1716 556 1780 ἐπ’
578 1713 768 1795 Ἀμφίπολιν
791 1735 818 1778 e.
835 1737 865 1798 q.
882 1737 908 1778 s.
954 1713 1074 1790 Quibus
1096 1714 1185 1780 doce-

56 1830 101 1887 tur
120 1827 337 1909 apertissime,
367 1825 478 1890 eodem
504 1823 745 1910 olympiadis
768 1823 851 1890 XCI
879 1845 981 1889 anno
1004 1827 1125 1890 tertio
1154 1831 1186 1890 ct

57 1933 229 2000 Perdiccam
251 1937 318 2000 vita
334 1935 472 2000 cessisse
501 1937 533 1999 et
561 1934 606 1998 ad
628 1935 839 2018 imperium
868 1936 1090 2000 accessisse
1113 1937 1185 2000 Ar·

57 2043 235 2128 chelsum,
266 2046 320 2130 qui
342 2045 469 2138 quidem
491 2066 593 2129 regno
614 2044 754 2129 praefuit
776 2067 873 2129 usqne
902 2045 943 2108 ad
964 2045 1005 2109 ol.
1031 2045 1128 2129 XCV,
1156 2050 1183 2111 1.

57 2152 155 2238 ltaque
182 2159 219 2218 ut
246 2154 307 2220 hoc
335 2155 432 2220 etiam
461 2154 591 2238 addam,
620 2153 702 2238 quod
730 2177 749 2220 a
776 2155 864 2220 nullo
893 2154 957 2220 vidi
985 2154 1184 2238 adnotatum,

56 2285 138 2344 quam
165 2265 242 2329 solis
271 2265 485 2330 defectionem
507 2264 660 2328 Archelai
688 2268 793 2328 aetate
821 2264 975 2328 accidisse
997 2269 1109 2329 narrat
1131 2265 1183 2330 Se-

58 2393 124 2437 neca
144 2375 182 2438 de
204 2375 370 2440 beneficiis
392 2374 432 2458 V,
456 2375 493 2458 6,
517 2395 554 2438 ea
577 2375 722 2459 apprime
744 2373 880 2459 quadrat
901 2375 936 2438 in
957 2375 1083 2458 imperii
1105 2379 1183 2439 tem-

57 2504 105 2563 pus
118 2485 268 2550 Archelai
290 2485 337 2550 ita
358 2489 394 2548 ut
417 2506 436 2549 a
458 2484 551 2549 nobis
567 2486 753 2550 factumest
776 2483 1058 2568 circumscriptum.
1090 2485 1183 2550 Acci·

56 2591 95 2654 <lit
115 2595 196 2659 enim
218 2595 276 2659 illa
300 2595 414 2660 ultimo
437 2595 512 2659 belli
533 2594 798 2678 Peloponnesiaci
821 2615 924 2678 anno,
953 2594 1013 2660 hoo
1036 2599 1085 2658 est
1107 2599 1182 2660 ante

56 2702 192 2768 Archelai
215 2709 353 2770 mortem
375 2706 469 2770 annis
491 2709 651 2790 quattuor.
697 2703 746 2770 Of.
762 2703 887 2768 Patavii
910 2704 1022 2768 Doctr.
1044 2709 1142 2789 temp.
1166 2705 1182 2769 I

55 2831 81 2892 p.
101 2813 168 2879 495.

129 2923 220 2988 Nunc
243 2923 370 2990 demum
397 2924 437 2989 ad
461 2924 664 2990 Athenaeum
687 2923 761 2988 licet
783 2923 916 3006 reverti,
946 2923 980 2986 in
1004 2923 1092 2987 cuius
1114 2945 1181 2988 ver·

56 3029 96 3093 bis
115 3035 379 3100 reconcinnandis
402 3057 515 3119 pamm
537 3034 597 3098 sibi
621 3034 741 3098 cavisse
757 3033 979 3098 Casanbonum
1003 3033 1181 3099 censuimus

56 3161 147 3222 supra.
190 3143 410 3209 Memorabilis
433 3147 610 3209 astantem
634 3142 926 3228 Schweighaeuseri
954 3145 1180 3229 incogitantia.

57 3247 181 3316 lsenim
202 3255 334 3318 tamemi
356 3253 507 3319 Archelai
534 3257 669 3318 mortem
691 3274 858 3336 perperam
886 3253 926 3316 ad
950 3253 1181 3318 Aristocratem

57 3359 227 3427 archontem
256 3386 275 3426 a
304 3363 493 3428 Casaubono
519 3363 632 3428 referri
660 3365 746 3427 recte
768 3363 892 3427 monuit
919 3363 1027 3427 adnot.
1063 3385 1094 3446 p.
1117 3363 1181 3428 234

58 3468 108 3530 vol.
128 3469 192 3553 III,
222 3477 332 3537 tamen
354 3494 420 3536 non
442 3473 535 3537 modo
557 3472 737 3537 Casauboni
760 3473 968 3556 scripturam,
997 3473 1180 3536 coniectura

58 3581 274 3664 excogitatam,
313 3583 347 3646 in
374 3583 542 3646 verborum
572 3583 845 3646 continuationem
871 3580 1031 3646 Athenaei
1060 3583 1180 3666 recepit

58 3706 163 3752 summa
189 3691 425 3756 inconstantia:
462 3693 579 3776 quippe
607 3697 692 3756 certe
724 3693 787 3757 troc
814 3693 1014 3768 Ἀντιγένουτ
1041 3693 1180 3758 scriben-

58 3793 120 3862 dum
140 3802 207 3864 erat
230 3801 300 3866 loco
315 3801 435 3867 Calliae
458 3801 710 3867 Casauboniani:
733 3801 787 3865 sed
810 3801 918 3884 etiarn,
942 3802 1092 3886 quoniam
1114 3825 1180 3869 τεε-

57 3911 262 3984 ιιιρεεκαίδεκα
288 3911 519 3975 restituendum
547 3934 615 3976 csse
643 3911 726 3995 apud
755 3911 928 3975 Diodorum
957 3911 1119 3975 Dodwello
1146 3917 1178 3976 et

59 4011 257 4104 ll'esselingio
280 4021 390 4102 credit,
414 4021 489 4085 licet
512 4023 553 4084 ab
576 4027 836 4106 argumentorum
859 4022 890 4085 vi
905 4022 983 4085 satis
1005 4020 1176 4102 destitutis,

59 4123 98 4186 rel
118 4125 174 4190 hac
196 4129 322 4194 ratione
345 4131 466 4196 Calliae
489 4153 605 4195 nomen
628 4135 714 4194 recte
736 4153 770 4194 se
791 4131 909 4194 habere
931 4131 1082 4214 nugatur,
1106 4149 1178 4192 eum

60 4233 142 4298 etiam
162 4236 202 4301 ol.
227 4238 317 4304 XCII
339 4241 416 4304 anni
439 4239 533 4324 primi
556 4241 676 4304 archon
699 4241 775 4304 item
797 4239 916 4305 Cedias
938 4236 1044 4302 luerit.
1090 4236 1178 4312 Quae

61 4347 248 4430 computandi
269 4348 351 4412 ratio
378 4350 456 4414 adeo
479 4350 594 4416 fefellit
615 4350 718 4414 virum
745 4350 862 4435 alioqui
890 4369 954 4412 non
984 4347 1176 4432 imperitum.
