2954 5134
453 358 499 404 00
523 357 593 404 oao
617 357 661 404 nr
684 357 825 404 omosa.
1144 340 1205 404 001

88 509 249 595 corrigendi
286 511 368 576 ratio
405 515 440 574 ut
472 511 578 594 specie
609 511 746 594 quadam
779 511 923 574 veritatis
958 510 1206 592 commendetur,

87 641 185 702 reapse
204 623 309 684 tamen
333 625 543 706 cognoscetur
566 625 597 684 et
619 643 742 685 summa
765 621 942 685 coniciendi
965 621 1095 684 levitate
1118 641 1207 684 exco-

88 731 177 812 gitata
197 735 228 794 et
249 753 322 795 vero
343 732 404 816 ipsi
428 732 555 795 veritati
579 753 706 814 prorsus
734 732 905 795 contraria.
951 730 1092 794 Primum
1122 730 1208 794 enim

88 839 235 904 minimam
260 845 388 905 tanturn
416 841 469 906 1110
498 845 622 924 partem
652 842 853 906 notationum
885 842 920 904 111
947 841 1042 904 istam
1070 839 1207 924 speciem

89 951 322 1033 conspirantium
345 953 435 1016 novit
457 953 603 1016 omnino:
626 952 754 1016 Orionis
777 973 893 1015 nornen
916 951 1065 1014 nimirum
1087 951 1207 1014 instau-

87 1079 147 1122 rare
166 1061 222 1124 sibi
244 1063 328 1126 visus
349 1067 397 1126 est
412 1062 539 1126 deciens
554 1062 755 1146 quinquiens
773 1062 892 1144 debuit,
916 1062 943 1126 si
961 1061 1021 1124 sibi
1044 1061 1111 1144 ipse
1135 1081 1207 1124 con-

87 1173 159 1232 stare
173 1171 274 1254 vellet,
297 1173 425 1237 circiter
439 1172 664 1256 quadragiens.
703 1172 833 1252 Praeter
848 1173 906 1236 has
922 1172 1022 1252 enirn,
1051 1192 1129 1254 quas
1152 1191 1208 1234 suo

86 1301 224 1364 quamque
245 1283 315 1347 loco
338 1284 490 1347 tractavit
512 1281 618 1346 adnot.
642 1283 675 1346 in
699 1283 861 1364 Orionem,
885 1281 938 1346 Et.
963 1281 1007 1345 M.
1030 1303 1062 1364 p.
1079 1281 1131 1364 64,
1154 1279 1207 1344 38.

86 1387 129 1470 91,
150 1390 197 1454 28.
219 1392 270 1474 97,
293 1393 347 1456 42.
370 1395 444 1474 408,
468 1394 517 1458 32.
545 1393 620 1470 479,
642 1393 694 1458 39.
723 1393 795 1474 611,
822 1393 850 1456 l.
879 1391 952 1473 619,
975 1391 1026 1455 28.
1059 1391 1131 1472 704,
1155 1389 1259 1452 30.18

87 1499 148 1578 709,
169 1501 217 1564 28.
242 1503 314 1584 719,
339 1503 391 1568 33.
416 1503 488 1586 723,
511 1503 563 1568 54.
589 1503 660 1584 724,
684 1503 735 1566 59.
761 1503 884 1582 757,1.
909 1501 1049 1577 811,14.
1073 1501 1144 1581 823,
1166 1499 1209 1562 40
1335 1545 1337 1550 ,

86 1607 207 1686 (diversa
230 1611 315 1675 enirn
338 1612 422 1676 ratio
444 1615 493 1676 est
520 1635 551 1696 p.
575 1613 654 1694 683,
677 1613 732 1697 35)
760 1609 1115 1674 100100600101011010
1141 1608 1208 1673 fue-

86 1721 198 1783 100101
224 1721 258 1786 in
286 1721 414 1786 illarum
442 1723 630 1786 societatem
651 1720 854 1785 asciscendus
882 1719 996 1785 haece:
1025 1743 1056 1803 p.
1081 1721 1131 1800 87,
1158 1719 1206 1782 15.

85 1825 127 1890 20.
147 1829 216 1912 452,
244 1833 293 1895 17.
323 1833 397 1914 535,
421 1832 451 1896 6.
479 1832 553 1914 583,
577 1832 629 1896 50.
653 1832 726 1913 618,
750 1831 781 1896 5.
810 1831 882 1912 621,
905 1831 957 1892 46.
981 1830 1054 1911 624,
1078 1829 1108 1892 2.
1134 1829 1207 1908 625,

84 1935 127 1998 26.
148 1937 220 2017 626,
241 1941 294 2005 57.
320 1941 399 2022 636,
425 1942 473 2005 18.
504 1941 583 2022 685,
607 1941 658 2004 57.
687 1941 764 2022 696,
788 1941 840 2004 31.
870 1940 948 2016 706,
974 1939 1023 2003 14.
1053 1939 1128 2020 711,
1155 1939 1207 2002 55.

87 2045 146 2126 718,
172 2049 217 2113 18.
242 2051 315 2132 725,
339 2050 390 2114 21.
413 2051 486 2134 728,
512 2051 561 2114 16.
586 2051 658 2132 738,
682 2051 712 2114 6.
737 2051 809 2132 780,
826 2051 877 2114 32.
902 2049 974 2130 780,
990 2048 1042 2112 49.
1067 2049 1139 2130 789,
1155 2049 1207 2110 20.

84 2154 144 2236 793,
169 2159 215 2221 17.
259 2159 386 2224 Deinde
415 2164 523 2225 autem
551 2159 584 2224 in
615 2167 746 2244 utroque
775 2181 893 2244 genere
921 2158 1135 2241 exemplorum
1163 2160 1208 2218 te-

83 2285 245 2332 meracum
267 2273 466 2334 tentatorum
493 2275 562 2335 tum
589 2269 882 2354 praetermissorum
905 2289 970 2331 non
993 2267 1125 2350 exiguus
1152 2288 1209 2330 nu-

83 2393 172 2440 merus
199 2383 247 2441 est
276 2379 479 2443 notationum
508 2401 579 2444 oum
602 2380 749 2444 Orioneis
777 2399 989 2462 congruarum
996 2427 1004 2460 ,
1039 2375 1208 2460 inquibus

83 2503 142 2548 curn
167 2507 242 2552 sane
272 2487 523 2572 Sylburgianum
550 2489 808 2573 Etymologicum
835 2488 933 2568 ’0000
962 2487 1111 2550 exhibeat
1136 2485 1208 2548 sim-

81 2591 209 2680 pliciter,
237 2601 352 2662 contra
380 2599 414 2662 in
437 2597 592 2662 Parisinis
615 2598 721 2680 libris,
750 2599 887 2662 maxime
911 2601 1017 2662 autem
1045 2596 1128 2680 apud
1153 2594 1209 2659 Zo

82 2723 181 2769 naram
203 2708 299 2790 plene
322 2709 475 2792 seriptum
498 2712 601 2773 exstet
624 2708 722 2788 Ὠρο(
745 2708 764 2773 ὁ
787 2710 946 2786 Μιλήειοε.
991 2706 1085 2790 Apud
1109 2705 1209 2769 Zona-

81 2833 139 2877 ram
160 2817 287 2900 quidem
308 2817 342 2880 in
366 2817 521 2898 111εεῖ1ηο
544 2818 597 2883 Et.
622 2817 666 2882 M.
690 2841 722 2902 p.
745 2819 823 2900 479,
853 2819 933 2896 μήλη
955 2817 1018 2880 583
1046 2815 1114 2900 (ubi
1138 2837 1210 2879 cum

81 2921 128 2986 illo
149 2927 309 2991 consentit
331 2925 495 2992 Parisinus
517 2951 550 2992 n.
573 2929 666 3013 346),
691 2929 816 3008 πυθμήν
839 2927 917 3010 696,
942 2927 1030 3008 ῥινόε
1054 2925 1132 3007 704,
1156 2945 1209 3004 τη-

81 3031 124 3096 λία
145 3035 213 3118 757,
238 3037 366 3118 φθόνοι
389 3039 467 3120 793,
491 3039 602 3119 ὤρεεει
624 3039 696 3103 823.
742 3037 862 3113 Quibus
884 3037 964 3100 adde
987 3037 1136 3120 quattuor
1157 3055 1206 3098 vo

82 3161 125 3204 000
145 3146 225 3228 apud
255 3147 538 3212 solumZonaram
561 3149 733 3212 instructas
761 3147 861 3228 Ὠρο(
888 3147 907 3212 ὁ
930 3147 1081 3224 Μιλήειοε
1109 3144 1209 3208 nomi·

80 3252 178 3337 nibus,
211 3257 314 3339 ἦπαρ,
349 3258 424 3340 ἰωή,
457 3259 595 3340 supuda,
630 3258 777 3337 ετερρόε,
814 3259 891 3321 item
930 3279 983 3320 eas
1018 3276 1056 3318 01
1091 3254 1210 3319 Orione

81 3359 209 3430 hamus.
256 3367 311 3430 An
333 3367 368 3430 in
390 3367 508 3432 tatibus
531 3389 653 3452 qnoque
682 3366 799 3446 Ὠρίων
822 3387 939 3432 nomen
967 3366 1073 3450 placet
1095 3363 1209 3428 substi-

80 3475 181 3538 tuere?
223 3476 332 3552 Quid?
359 3477 441 3562 quod
469 3477 625 3562 quaedam
653 3477 698 3540 ita
733 3481 917 3560 comparata
950 3479 1025 3540 sunt
1052 3474 1208 3557 exempla,

81 3585 110 3644 ut
130 3583 161 3648 in
182 3607 306 3650 summa
330 3609 401 3650 curn
424 3587 543 3652 Orione
566 3587 789 3652 convenientia
811 3587 903 3650 huius
931 3587 1008 3649 item
1036 3605 1153 3648 nomen
1175 3584 1210 3647 in

79 3711 135 3754 uno
161 3695 300 3760 alterove
332 3697 414 3761 libro
443 3703 612 3781 appareat,
645 3697 746 3760 nihilo
779 3701 885 3761 autern
919 3697 1023 3760 minus
1056 3694 1091 3758 in
1125 3695 1209 3758 illius

78 3799 173 3868 locum
195 3807 277 3870 Orus
300 3807 505 3872 sufficientius
528 3807 569 3870 sit
592 3829 609 3871 0
631 3806 823 3870 melioribus.
868 3805 966 3870 Velut
987 3807 1022 3870 in
1043 3804 1097 3870 Et.
1117 3804 1160 3867 M.
1177 3827 1208 3868 v.

79 3911 149 3976 ἕδνα
170 3937 201 3998 p.
224 3917 299 3998 316,
322 3918 363 3981 43
386 3917 536 4002 mdgatur
558 3917 690 3998 Ὠρίων,
717 3915 816 3997 Ὦρος
839 3917 858 3982 ὁ
881 3919 1034 3998 Μιλήειοε
1055 3935 1210 3997 reponen-

79 4019 146 4086 dum
168 4029 215 4089 est
238 4049 255 4090 e
277 4027 425 4092 Parisino
448 4049 480 4091 11.
504 4029 567 4092 346
590 4031 622 4092 01
644 4026 769 4090 Zonara
796 4049 827 4110 p.
851 4027 924 4091 612.
962 4026 1050 4090 Voce
1072 4024 1210 4104 κακκάβη

80 4129 156 4196 idem
171 4135 249 4201 illud
266 4137 386 4222 legitur
402 4137 436 4200 in
454 4135 536 4202 Gud.
553 4161 585 4222 p.
603 4137 676 4220 293,
694 4137 715 4200 5
733 4135 1008 4222 Etymologicique
1025 4135 1068 4198 M.
1086 4157 1118 4218 p.
1134 4133 1208 4217 485,

78 4239 97 4302 4
116 4241 259 4311 Parisino
280 4271 313 4312 n.
334 4247 418 4314 2636
441 4247 575 4332 (Adnot.
606 4271 637 4332 p.
660 4247 723 4310 906
746 4249 825 4312 extr.
853 4251 885 4312 et
907 4245 991 4331 apud
1016 4245 1210 4310 Laroherum

80 4347 109 4414 in
131 4352 185 4418 01.
208 4377 238 4440 p.
256 4357 323 4444 88),
347 4357 417 4424 hoc
441 4357 572 4424 affertur
593 4379 610 4420 e
632 4355 787 4422 Parisinis
810 4358 922 4422 11346
945 4357 1097 4439 012638,
1120 4357 1209 4420 itern-
