2990 5140
593 1275 693 1386 ΙΠ.

101 1581 105 1588 ,
152 1475 415 1592 lllsoololloolu
445 1475 489 1569 oe
520 1474 767 1568 otloloouelolu
797 1472 912 1590 deque
943 1471 1135 1566 Heliodoro

479 1639 820 1759 sooolonoouor)

566 1881 719 1889 n—-n—-n

142 2046 253 2110 Trium
265 2067 370 2109 rerum
381 2044 658 2128 disceptationem,
672 2065 743 2108 cum
756 2044 795 2108 dc
808 2043 1010 2108 bibliothecis
1023 2041 1212 2106 Alexandri·
1231 2051 1260 2100 ΙΙΙ

78 2155 123 2218 nis
135 2156 234 2239 deque
247 2155 408 2220 Pisistrati
424 2156 507 2219 curis
519 2153 698 2218 Homericis
709 2154 891 2236 nuperrime
907 2153 1210 2232 commendabamur,

79 2264 226 2348 reliquam
241 2265 389 2330 fecimus:
411 2285 545 2349 quarum
566 2265 669 2348 prima
684 2263 725 2326 ad
745 2263 1062 2327 stichometriam
1076 2263 1211 2344 spectat.

79 2373 168 2437 Cuius
195 2374 337 2438 instituti
365 2374 518 2458 exemplis
550 2373 627 2437 olim
655 2395 674 2436 a
706 2372 798 2436 nobis
827 2370 988 2456 congestis
1014 2391 1101 2434 nunc
1133 2370 1213 2434 haec

79 2481 243 2566 adicimus,
267 2505 399 2568 quorum
421 2483 578 2568 quaedam
600 2481 639 2546 G.
663 2482 846 2564 Diodorou,
870 2481 910 2544 K.
935 2478 1066 2543 Lchrsio
1089 2477 1213 2543 carissi-

79 2613 184 2676 moque
206 2593 350 2678 collegae
374 2591 542 2656 Welckcro
564 2591 724 2656 debemus.

158 2705 185 2766 1.
215 2702 269 2766 Ad
302 2707 413 2786 poetas
445 2702 573 2786 quidem
605 2702 684 2766 hacc
716 2702 890 2786 pertinent.
941 2700 996 2786 84)
1024 2697 1213 2762 Eustathius

79 2807 215 2876 Proocm.
242 2815 412 2877 comment.
429 2811 587 2876 Pindar.
604 2834 636 2896 p.
653 2811 695 2876 60
709 2810 799 2893 rao,
822 2832 854 2895 p.
870 2809 912 2873 24
927 2831 974 2892 sq.
998 2807 1212 2872 Schneidew.:

80 2918 130 2985 dcl
148 2924 184 2986 bt
200 2923 384 3003 (Πινδάρου)
401 2923 548 2998 παιᾶνει,
567 2922 767 3002 διθύραμβοι,
789 2921 959 3000 προιόδια,
981 2919 1152 2996 παρθένια,
1173 2917 1214 2981 τὰ
1309 2921 1314 2932 ’

80 3031 125 3093 καὶ
144 3032 224 3096 αὐτὰ
253 3034 513 3111 μνημονευθέντα
534 3033 599 3110 πρὸ
627 3033 787 3112 βραχέων,
813 3029 1037 3109 ὑπορχήματα,
1065 3027 1213 3104 ἐγκώμια,

80 3143 199 3218 θρῆνοι,
220 3142 273 3206 καὶ
294 3142 439 3207 ἐπινίκιοι
460 3143 541 3205 κατὰ
561 3143 620 3220 τὴν
641 3141 783 3220 ἱιτορίαν
799 3140 873 3204 docel
892 3137 1213 3218 τετρακιιχίλιοι,

81 3247 132 3313 olle
151 3252 202 3314 καὶ
223 3251 387 3316 ἐπινίκουι
401 3251 669 3331 ’τετραιυλλάβιυι
690 3250 795 3332 mucio.
833 3247 1022 3311 Rectissime
1044 3243 1214 3310 Schneide-

80 3357 188 3422 winus:
205 3359 367 3444 ‘intellige
382 3360 500 3441 crixor’.
527 3357 587 3424 Sed
598 3358 804 3422 Eustathium
815 3359 950 3440 apparet
963 3377 1029 3418 non
1047 3357 1214 3438 perspecta

80 3485 149 3529 vera
170 3468 296 3532 ratione
318 3467 357 3532 de
379 3469 519 3551 ipsorum
545 3489 677 3533 numero
698 3467 918 3551 Epiniciorum
945 3465 1113 3550 cogitasse.
1158 3461 1215 3527 Ce-

80 3575 176 3640 lerum
203 3577 283 3641 satis
310 3599 349 3642 ex
377 3579 438 3642 hoc
464 3577 646 3643 testimonio
674 3577 886 3661 intellegitur,
917 3577 1036 3659 quanto
1065 3571 1105 3636 sd
1133 3573 1215 3636 anti-

81 3683 205 3765 quitatis
227 3685 324 3750 fidem
345 3689 475 3770 propius
494 3686 700 3751 Boeckhiana
721 3707 869 3749 versuum
895 3683 1060 3768 discriptio
1083 3682 1215 3747 accedat

81 3813 169 3874 quam
190 3817 272 3880 quac
293 3797 455 3861 tralaticia
478 3801 553 3860 ante
573 3795 770 3860 Boeclrhium
790 3795 867 3877 fuit,
891 3793 986 3858 ducta
1008 3815 1047 3856 ea
1069 3815 1086 3856 e
1108 3813 1214 3875 super-

82 3902 202 3968 stitibus
231 3904 325 3969 hodie
354 3905 529 3970 codicibus:
556 3906 673 3991 quippe
695 3926 733 3968 ex
756 3904 811 3967 illa
834 3904 961 3968 circiter
982 3903 1067 3968 3500
1091 3903 1216 3982 ιτίχουι

81 4009 176 4094 effici,
200 4035 239 4077 ex
260 4014 322 4079 hac
347 4019 455 4079 autem
477 4015 562 4080 5500
590 4015 655 4078 iam
684 4013 944 4080 Schneidewinus
973 4011 1150 4076 adnotavit.
1172 4047 1215 4062 —-

143 4264 167 4334 *l
198 4264 382 4334 [Prooemium
418 4265 504 4322 Indici
539 4265 695 4322 scholarum
723 4267 903 4323 hibernarum
931 4263 1119 4320 Bonnensium
1150 4279 1213 4318 ann.

83 4353 282 4412 ooulucccxu
300 4361 330 4412 et
347 4359 407 4412 XLI
425 4361 628 4430 praemissum]
