3052 5136
317 329 376 392 Ῥέα
710 348 869 395 suumne
894 349 1067 394 (sarusar.

400 499 459 562 aad
485 499 523 561 ad
548 500 762 564 llesiodum
786 508 936 564 revertor.
972 501 1021 564 :ld
1046 501 1134 565 cuius
1158 502 1253 566 verba
1273 524 1349 586 nego
1369 525 1425 566 eau-

315 602 386 672 deiu
418 633 510 693 posse
540 611 688 694 loquendi
718 612 875 675 rationem
905 611 1153 694 acoounnodari,
1183 613 1256 696 quia
1282 617 1311 676 et
1337 635 1426 696 prono

315 719 401 782 mine
425 721 627 785 abundanter
649 723 754 805 posito
783 725 815 784 et
843 724 877 787 δέ
906 722 1065 805 particula
1092 723 1210 787 iterata
1232 723 1354 788 nimium
1375 747 1427 787 coa-

267 850 299 895 33
319 838 488 896 cervantur
516 832 665 916 loquendi
695 833 817 895 formae
846 829 1078 897 insolentiores.
1125 833 1292 897 Praeterea
1318 836 1350 900 δέ
1369 836 1427 897 illul

316 968 377 1009 neo
400 945 481 1008 solet
503 943 565 1006 nisi
589 943 734 1027 longiore
757 944 878 1006 inserta
906 944 1074 1006 verborum
1097 943 1368 1026 comprehensione
1386 946 1428 1008 itc-

316 1057 379 1118 rari
404 1054 500 1139 (quod
530 1055 596 1116 tere
625 1055 661 1116 tit
690 1053 928 1135 perspicuitatis
952 1055 1077 1139 caussa)
1106 1057 1139 1118 et
1168 1054 1209 1116 ab
1237 1053 1429 1120 Hesiodionm

316 1167 483 1229 rerlmrum
505 1165 741 1227 earistruclione
758 1164 988 1227 alienissimum
1010 1168 1059 1227 est
1080 1169 1211 1248 propter
1233 1187 1376 1229 summam
1395 1167 1430 1228 in·

316 1276 488 1357 tellegondi
513 1276 768 1358 ambiguitatem.
814 1275 971 1350 tluoniam
994 1275 1078 1338 enim
1101 1276 1210 1359 paullo
1236 1281 1329 1340 antea
1349 1277 1429 1359 Insita

317 1393 391 1449 sunt
414 1387 525 1449 verba:
561 1389 722 1466 προτέρην
745 1389 802 1464 μὲν
825 1386 969 1463 ἐγείνατο
994 1387 1057 1452 Νὺξ
1079 1387 1243 1478 ἐρεβεννή,
1265 1409 1327 1450 non
1348 1392 1429 1470 potat

317 1518 397 1580 <prae
422 1497 624 1579 consequitur
647 1497 843 1578 enuntiatio,
874 1497 997 1559 adnexa
1019 1518 1076 1579 per
1098 1499 1134 1562 δέ
1157 1497 1357 1580 particulam,
1382 1519 1430 1559 aon

317 1608 428 1670 referri
454 1607 666 1671 construendo
690 1607 728 1669 ad
750 1607 928 1690 proximum
950 1606 1028 1669 illud
1050 1608 1124 1686 pe'v:
1148 1607 1194 1669 ita
1217 1611 1252 1670 ul
1274 1630 1348 1670 unus
1368 1607 1431 1690 quis-

317 1741 393 1800 que,
422 1718 475 1800 qui
505 1717 641 1800 primum
671 1718 758 1801 legat
788 1718 835 1780 vel
860 1717 969 1780 audiat
997 1717 1095 1780 haece
1124 1717 1278 1780 orationis
1300 1717 1431 1780 membra:

318 1829 477 1908 προτέρην
501 1831 557 1907 μὲν
581 1827 725 1903 ἐγείνατο
752 1830 815 1894 Νὺξ
839 1829 999 1908 ἐρεβεννή,
1023 1831 1097 1905 θήιιε
1120 1829 1156 1892 δέ
1178 1849 1230 1908 μιν
1246 1867 1296 1911 —-,
1319 1849 1352 1890 ea
1371 1825 1431 1890 invi-

320 1961 386 2002 cem
410 1939 556 2021 opposita
580 1961 647 2001 osse
671 1939 730 2002 sibi
753 1939 915 2002 informet.
946 1937 1058 2022 ltaque
1075 1937 1114 2000 ad
1136 1960 1232 2021 quma
1256 1937 1430 2002 construenti

317 2049 556 2132 simplicitatem
580 2049 720 2112 naturali
744 2050 879 2133 quodam
903 2049 1003 2112 animi
1026 2048 1183 2112 instinctu
1205 2049 1358 2130 ducimur,
1378 2069 1430 2111 eam

318 2185 381 2224 non
405 2163 453 2222 est
477 2160 627 2222 credibile
651 2183 668 2222 a
691 2161 829 2242 sapienti
859 2159 1014 2242 scriptore
1044 2158 1258 2222 disturbatam
1285 2182 1357 2224 esse.
1396 2157 1430 2219 la

318 2271 445 2355 reliquis
470 2274 576 2333 alitem
600 2270 644 2332 sio
668 2273 789 2352 statuo,
814 2277 848 2332 nt
872 2293 934 2333 uua
957 2269 1099 2332 litterula
1126 2268 1256 2351 dempta
1287 2265 1430 2342 eadenapu·

318 2382 380 2444 alio
403 2384 436 2445 in
461 2381 530 2444 loco
553 2382 700 2443 restituta
730 2380 775 2443 sic
800 2381 949 2443 mendum
973 2401 1069 2443 coner
1092 2380 1291 2462 abstergere:

381 2541 447 2615 τῆ(
470 2537 503 2599 δ’
527 2536 641 2614 ἑτέρη
665 2574 703 2582 -
729 2536 888 2615 προτέρην
912 2538 969 2614 μέν
993 2534 1137 2611 ἐγείνατο
1161 2534 1224 2596 Νὺξ
1248 2529 1392 2611 ἐρεβεννή,

383 2651 456 2724 θῆκε
479 2647 515 2710 δέ
540 2668 590 2723 μιν
616 2647 768 2725 Κρονίδη(
790 2645 959 2723 ὑψίζυγος,
984 2645 1082 2723 αἰθέρι
1104 2644 1215 2717 ναίων,

382 2756 471 2834 γαίη(
495 2758 526 2819 τ’
550 2757 584 2821 έν
610 2757 705 2839 ῥίῑῃτι
728 2757 778 2819 καὶ
801 2755 931 2833 evason
952 2793 994 2802 —
1017 2756 1143 2820 πολλὸν
1166 2752 1335 2830 ἀμείνων

319 2907 488 2971 ¹arluudita
525 2910 587 2973 ἐττί
620 2930 705 2971 voce.
751 2908 802 2970 lta
830 2929 905 2970 vero
933 2907 971 2970 de
1000 2907 1106 2970 Eridis
1140 2904 1264 2989 origine
1298 2897 1428 2968 consentit

319 3018 525 3100 'l'lreogoniac
555 3022 666 3082 auctor
695 3042 722 3081 v.
747 3018 828 3082 225:
867 3020 916 3082 καὶ
938 3019 1025 3098 Ἔριν
1054 3019 1123 3082 τέκε
1146 3017 1369 3096 καρτερόθυμον
1389 3031 1430 3070 a:

319 3153 399 3209 ‹piae
424 3136 470 3191 est
494 3131 548 3192 illa
572 3131 764 3209 ἐπιμωμητή,
787 3129 926 3207 ιχετλίη,
956 3128 1099 3205 πόλεμόν
1121 3147 1154 3204 τε
1178 3127 1275 3192 κακὸν
1297 3126 1342 3188 καὶ
1360 3126 1429 3196 burm

321 3241 521 3320 ὀφέλλουῑα,
546 3263 642 3322 ηιιιιο,
673 3262 736 3302 uua
760 3261 829 3303 curn
854 3238 1083 3302 horrendorum
1105 3237 1235 3300 deorum
1256 3229 1428 3299 multitudim

321 3350 421 3412 Nocte
451 3349 551 3432 edita,
586 3349 720 3412 similem
748 3350 929 3412 divinorum
957 3348 1124 3410 numinum
1152 3347 1242 3430 quasi
1270 3345 1428 3408 fateremur

320 3460 480 3523 sentinam
503 3460 645 3542 peperit,
669 3461 800 3536 Πόνον,
825 3459 940 3538 Λιμόν,
971 3457 1108 3535 Ἄλγεα,
1131 3459 1295 3537 Ὑαμίναε,
1323 3459 1428 3532 etqua

320 3569 441 3653 reliqua
470 3574 698 3633 enumerantur
720 3569 925 3648 'l’lreogoniae
949 3591 978 3630 v.
1002 3567 1180 3631 aaa-232.
1227 3565 1307 3629 Ειιιιι
1327 3558 1426 3626 Eridell

320 3704 391 3743 euru
415 3681 558 3763 luppiter
588 3680 703 3742 dicitur
732 3679 871 3761 posuisse
897 3679 933 3744 ἕν
962 3699 995 3742 τε
1024 3679 1114 3758 γαίη(
1142 3677 1241 3760 diluet
1267 3677 1316 3739 καὶ
1339 3669 1427 3746 ἀνομά-

320 3813 382 3868 (ιν,
412 3792 508 3874 plane
538 3791 568 3853 id
598 3791 746 3870 congruit
774 3791 807 3852 in
837 3789 912 3854 Orci
942 3787 1188 3870 descriptionem
1211 3783 1344 3868 Vergilii
1368 3781 1426 3842 Arl-

319 3902 376 3984 l'l,
400 3903 478 3965 ⁸285:

836 4033 843 4048 ·
927 4015 1089 4073 Discordia
1112 4013 1237 4072 ‹lannms

524 4121 689 4196 Vipmauua
713 4121 826 4176 crinem
850 4119 933 4175 vittis
956 4118 1070 4175 innexa
1092 4114 1235 4176 cruentis.

324 4258 403 4320 Nam
430 4261 532 4320 verbis
554 4260 644 4337 γαίη(
668 4259 747 4338 ῥίζαι
763 4257 933 4320 Τιιιίιιιιιιιι
950 4255 1125 4340 significari
1142 4261 1274 4337 apparet
1297 4273 1330 4314 ea·
1351 4247 1425 4309 ula»-

321 4369 436 4444 ooniae
455 4393 482 4432 v.
505 4369 682 4447 ures-739,
706 4369 757 4451 qui
783 4363 1249 4446 eidemlaetaturam-810:
1272 4361 1422 4445 quinam
