2942 5134
307 320 369 383 418
745 336 791 384 na
815 335 1014 384 aasrnours

308 490 529 570 Cas-eubonus,
561 489 648 552 euius
677 489 800 572 ingenii
828 490 929 552 aciem
951 488 1076 552 nescias
1105 511 1147 551 an
1168 489 1281 552 mentis
1306 489 1403 572 pruden-

307 599 386 662 tiam
409 599 508 681 pluris
530 599 631 662 facias
655 621 725 662 eum
753 599 908 662 immensa
932 599 1134 662 coniunctam
1158 602 1191 660 et
1212 599 1403 682 linguamnel

308 708 511 771 historiarum
540 709 731 790 eruditione,
763 710 794 771 in
826 708 881 771 illa
903 709 1087 791 quaestione
1116 708 1157 771 ab
1180 730 1282 772 errore
1305 709 1355 772 sibi
1371 731 1404 791 po

306 819 369 880 tuit
391 841 512 882 cavere.
558 819 588 881 ls
611 819 696 881 eninr
719 819 826 881 adnot.
851 819 886 881 in
901 817 1068 882 AthenV
1090 841 1121 901 p.
1139 819 1201 881 217
1218 823 1253 900 E,
1275 822 1404 902 postqum

305 928 488 1012 ingeniose,
513 951 593 1012 quae
616 934 699 992 esset
722 928 761 990 ad
785 928 992 992 emaculanda
1015 928 1176 991 Athenaei
1199 929 1355 992 verberis
1375 930 1404 989 in-

307 1038 483 1120 stituenda,
522 1039 700 1121 perspexit,
739 1041 849 1100 tamen
876 1059 1058 1119 perversam
1088 1039 1121 1100 in
1145 1041 1269 1121 partem
1294 1061 1355 1101 usus
1376 1045 1405 1098 al

306 1147 471 1210 Diodori
495 1149 616 1230 verbis,
650 1148 703 1230 qui
725 1147 863 1210 Lachete
892 1148 1045 1210 archonte
1068 1149 1118 1210 vel
1146 1148 1188 1211 ol.
1212 1147 1402 1226 amiur

306 1256 384 1320 haee
408 1279 474 1320 esse
497 1262 587 1342 gesta
610 1262 721 1320 narrat
744 1256 816 1319 libri
833 1256 910 1320 XIV
934 1279 960 1320 e.
978 1259 1034 1321 37:
1063 1258 1142 1323 κατὰ
1163 1260 1200 1322 δὲ
1222 1261 1279 1338 τήν
1301 1260 1405 1322 Μακεδο-

305 1367 376 1431 νίαν
399 1369 569 1448 Ἀρχέλαος
598 1369 616 1456 ὁ
643 1370 784 1447 βαςιλεὺς
806 1406 847 1415 -
869 1369 926 1432 τὸν
957 1369 1026 1447 βίον
1049 1369 1236 1448 μετήλλαξε,
1267 1367 1407 1450 βαςιλεὺςτς

305 1478 358 1556 ἔτη
382 1479 470 1542 ἑπτά.
509 1478 577 1552 Quo
599 1478 782 1540 testimonio
805 1478 850 1540 ita
873 1477 988 1540 nititur
1003 1477 1221 1559 CasaubonuS,
1245 1483 1280 1540 ut
1296 1476 1405 1541 Archelai

304 1588 471 1669 imperium
494 1589 534 1651 ol.
559 1587 665 1652 Xeffl
688 1609 772 1650 anno
795 1589 815 1650 3
838 1591 870 1649 et
892 1587 931 1650 ol.
952 1586 1040 1652 XCV
1063 1609 1148 1651 anno
1171 1585 1407 1651 2definiat1ml-

304 1697 513 1780 laudaturque
542 1720 559 1758 a
587 1695 715 1779 Baylio,
748 1696 914 1760 Perizonio
938 1696 977 1759 ad
1001 1697 1190 1778 Aelianrnn,
1224 1697 1303 1760 aliis.
1318 1698 1343 1780 *λ
1376 1696 1407 1754 Ic

304 1806 373 1868 leve
402 1811 464 1890 est,
494 1805 575 1888 quod
600 1806 771 1869 Lachetem
801 1806 946 1869 confudit
974 1828 1045 1870 eum
1072 1807 1289 1888 Aristocrate3
1313 1804 1408 1890 granu

304 1920 426 1997 antem,
457 1916 538 1998 qnod
561 1916 616 1978 illa
639 1917 736 1978 verba
759 1938 825 1978 non
847 1938 939 1999 posse
962 1918 1009 1979 sio
1031 1915 1151 1998 scripta
1175 1937 1243 1979 esse
1267 1939 1285 1978 a
1306 1913 1408 1977 Diodoro

304 2025 434 2089 minime
456 2025 632 2108 perspexit:
661 2027 778 2109 qnippe
801 2025 937 2089 eundem
959 2026 1154 2088 Archelaum
1181 2026 1266 2088 idem
1288 2023 1409 2088 Diodorus

304 2135 475 2217 scripserat
497 2135 587 2214 XIII,
611 2137 653 2198 49
680 2135 825 2218 Pydnam
854 2156 1054 2218 expugnasse
1078 2135 1231 2199 archonte
1256 2133 1409 2215 Glaucippo

303 2245 363 2309 hoc
386 2247 496 2308 estol.
521 2245 620 2326 Xon,
645 2246 680 2308 3:
703 2248 738 2307 ut
760 2245 927 2308 minimum
949 2244 1058 2308 decem
1078 2267 1236 2308 annorum
1259 2246 1322 2308 eius
1341 2244 1409 2322 inp

303 2355 385 2417 rium
400 2355 507 2419 fuerit.
553 2355 696 2418 Prudens
720 2354 805 2416 enim
828 2355 941 2418 omitto
964 2358 1098 2418 mortem
1114 2355 1288 2438 Euripidis,
1311 2353 1356 2436 qui
1374 2349 1410 2411 il'o

303 2465 372 2547 ipso
395 2466 512 2548 olymp.
533 2465 638 2529 Xolss
661 2487 746 2527 anno
769 2465 864 2528 tertio
887 2469 1029 2528 mortuus
1052 2487 1120 2528 esse
1143 2465 1227 2547 apud
1250 2461 1409 2527 Arohelann

303 2573 429 2637 dicitur.
475 2575 675 2657 Quapropter
710 2574 921 2656 corruptelam
955 2574 1115 2659 (luendam
1148 2575 1253 2637 inesse
1280 2575 1313 2637 In
1343 2568 1411 2635 ἑτιςὶ

303 2705 379 2746 voce
401 2685 514 2747 merilo
539 2685 662 2748 censuit
684 2683 836 2767 Lydiatns
859 2708 890 2767 p.
908 2685 944 2768 8,
975 2685 1092 2748 nimius
1114 2684 1168 2747 ille
1197 2685 1232 2747 in
1256 2677 1410 2766 corrigend?¹

303 2816 459 2857 annornm
487 2817 634 2858 numero:
673 2816 734 2877 quo
763 2795 869 2877 paullo
904 2795 1133 2858 consideratius
1166 2795 1235 2878 egit
1263 2789 1411 2857 Doduellus

303 2904 323 2966 l.
350 2927 376 2966 c.
400 2927 432 2986 p.
459 2905 495 2967 18
516 2911 548 2985 h,
587 2905 621 2966 in
650 2904 737 2967 cuius
766 2904 927 2967 sententia
954 2903 997 2966 W
1000 2904 1187 2988 esselingins
1215 2903 1363 2987 acquieiit
1385 2893 1411 2958 ad

370 3139 393 3206 *l
414 3139 461 3206 [Vt
478 3139 595 3207 planius,
615 3139 680 3206 qnid
699 3139 739 3192 rei
757 3142 857 3207 agatur
876 3140 995 3207 quidque
1014 3139 1164 3194 instItuerit
1176 3138 1356 3200 (lustrabimus,
1371 3151 1412 3203 pl·

303 3231 443 3299 spiciatur,
461 3233 598 3286 Athenaei
617 3232 834 3301 disputationem
852 3233 990 3301 integram
1007 3233 1079 3287 infra
1096 3233 1176 3302 posui
1193 3231 1268 3285 illius
1285 3231 1411 3286 conicetur

303 3342 379 3378 secus
399 3327 568 3393 suppletam:
591 3327 748 3392 Περδίκκας
766 3327 863 3379 τοίνυν
881 3328 938 3392 πρὸ
958 3328 1108 3392 Ἀρχελάου
1127 3327 1275 3392 βαςιλεὺει,
1299 3328 1334 3377 ὡς
1352 3323 1413 3386 aral

304 3420 447 3472 Ἀκάνθιός
461 3437 527 3485 φηςι
541 3420 707 3484 Νικομήδης,
727 3421 775 3484 ἔτη
788 3419 995 3484 τεςςαράκοντα
1008 3420 1046 3484 ἕν,
1066 3419 1238 3482 Θεόπομπος
1251 3420 1281 3472 δὲ
1291 3418 1412 3484 τριάκοντα

302 3513 397 3575 πέντε,
418 3513 595 3577 Ἀναξιμένης
614 3513 828 3577 τεςςαράκοντα,
848 3512 1011 3577 Ἱερώνυμος
1031 3512 1133 3565 εἴκοςιν
1152 3513 1242 3578 ὀκτώ,
1260 3505 1412 3577 Maneant

302 3608 346 3656 καὶ
360 3605 513 3670 Φιλόχορος
534 3606 616 3657 εἴκοςι
628 3604 700 3670 τρία.
722 3605 836 3657 τούτων
854 3605 905 3656 οὖν
923 3606 1065 3671 διαφόρως
1084 3605 1292 3670 ἱςτορουμέναιν
1309 3604 1412 3665 lasau*

300 3698 353 3747 τὸν
377 3699 520 3762 ἐλάχιςτον
544 3699 676 3762 ἀριθμὸν,
701 3699 737 3750 τὰ
762 3699 845 3750 εἴκοςι
867 3698 931 3763 τρία
954 3700 1011 3764 ἔτη.
1054 3698 1195 3763 Περικλῆς
1219 3700 1249 3750 δ’
1271 3694 1413 3758 &notatae

303 3791 425 3842 κατὰτὸ
444 3791 541 3854 τρίτον
561 3793 622 3842 ἔτος
642 3795 693 3842 τοῦ
711 3791 979 3857 Πελοποννηςιακοῡ
1000 3791 1136 3854 πολέμου,
1160 3791 1297 3856 ἄρχοντος
1315 3783 1412 3840 Ἐπανει-

302 3899 397 3949 νονος,
417 3879 464 3946 ἐφ’
484 3885 517 3946 οὗ
536 3886 655 3951 τελευτᾷ
675 3884 924 3949 [Ἀλέξανδρος
946 3885 1000 3935 καλ
1019 3885 1082 3949 τὴν
1102 3884 1279 3946 βαςιλείαν
1295 3877 1412 3944 Περλιι·

302 3992 359 4028 κας
378 3976 587 4040 διαδέχεται,Ὶ
607 3977 642 4027 ὃς
661 3977 862 4039 ἐβαςίλειιεν
882 3978 943 4029 ἕως
965 3976 1123 4042 Καλλίου,
1147 3976 1203 4040 ἐφ’
1220 3976 1258 4028 οὑ
1277 3971 1411 4032 τελευτρ“

299 4068 454 4134 Περδίκκας
478 4070 521 4120 καὶ
544 4069 597 4132 τὴν
621 4069 758 4131 βαςιλείαν
783 4070 929 4134 Ἀρχέλαος
951 4070 1111 4133 διαδέχεται.
1153 4067 1249 4120 Mirari
1271 4063 1411 4121 Menelaus

300 4159 406 4224 licebit,
436 4160 482 4226 qui
509 4161 574 4213 ante
598 4159 801 4227 disputatorum
824 4161 891 4213 nihil
915 4177 1013 4214 curans
1039 4159 1256 4213 infelicissimum
1281 4151 1412 4213 Canauna

301 4254 522 4320 supplementum
553 4271 567 4304 o
591 4251 845 4319 Schweighaeusori
875 4255 1001 4322 exemplo
1031 4251 1150 4306 transire.
1178 4253 1208 4304 in
1236 4271 1314 4306 suum
1354 4251 1373 4301 h.
1394 4269 1411 4296 r.

301 4344 532 4396 Tenhnoriarnnnl
553 4363 650 4416 prasus
671 4346 705 4396 sil
725 4346 809 4399 nimia
827 4349 951 4414 protecto
971 4345 1164 4414 humanitate]
