2942 5134
305 355 368 420 384
628 373 657 418 ο.
682 371 827 420 nursia-11
851 369 1120 420 aaranunrrouas

306 525 427 588 alienus
451 548 535 607 esse,
565 525 617 608 qui
646 525 807 589 verissime
837 547 908 588 cum
935 525 1033 588 Asiae
1060 529 1092 628 qt
1114 524 1260 608 Europae
1283 525 1397 588 terminos

306 636 516 716 constituerit,
540 641 608 699 tum
631 636 672 698 ab
695 636 836 701 Caucaso
858 635 1021 698 meridiem
1043 657 1153 699 versus
1175 636 1338 698 Amazonas
1356 636 1397 697 cd-

304 746 427 828 locarit,
452 768 605 829 quemque
621 751 766 828 apertum
789 751 837 808 est
859 746 893 808 in
909 746 987 808 Asia
1005 746 1158 828 cogitare,
1182 767 1247 808 non
1260 746 1291 808 in
1304 743 1398 826 Europa

304 856 399 918 situm
428 855 603 919 Caucasum
637 861 669 918 et
698 855 890 919 Colchidem.
936 855 1093 930 Quoniam
1121 857 1228 918 autem
1258 876 1328 938 quae
1350 853 1398 915 aliis

304 965 342 1028 de
366 966 483 1028 caussis
507 971 579 1048 post
602 989 630 1028 v.
656 967 717 1028 793
747 966 917 1028 statuenda
945 971 992 1028 est
1020 967 1135 1028 lacuna
1156 965 1237 1028 facit
1257 969 1290 1026 ut
1308 965 1340 1026 de
1357 985 1400 1024 uno

304 1075 420 1137 codicis
441 1075 518 1137 folio
539 1076 643 1138 lacero
667 1077 715 1138 vel
731 1098 792 1158 quo
815 1075 907 1138 modo
924 1097 1054 1158 cumque
1071 1079 1218 1157 corrupto
1234 1073 1400 1158 cogitandum

303 1185 345 1247 sit
367 1185 561 1266 necessario,
598 1187 663 1248 veri
693 1207 757 1248 non
786 1190 834 1247 est
861 1185 1028 1265 dissimile,
1054 1185 1159 1248 alieno
1181 1185 1215 1247 in
1242 1185 1321 1264 loco,
1352 1205 1401 1245 cun

303 1296 405 1356 denuo
429 1294 687 1379 compingeretur
710 1295 762 1357 ille
786 1295 881 1376 liber,
916 1295 1071 1358 insertum
1104 1294 1181 1357 illud
1214 1295 1318 1357 folium
1345 1313 1400 1355 esse.

302 1403 424 1487 inquo
447 1405 473 1466 si
497 1427 534 1466 ea
556 1405 733 1487 perscripta
757 1409 873 1486 essent,
898 1427 977 1487 quae
1000 1425 1085 1467 nune
1108 1405 1258 1488 leguntur
1278 1426 1296 1466 a
1316 1426 1340 1465 ν.
1360 1401 1402 1463 m

302 1514 341 1575 ad
381 1538 410 1576 v.
442 1516 519 1596 730,
557 1514 759 1596 planissime,
800 1537 861 1597 quo
899 1514 991 1577 modo
1028 1535 1066 1576 en
1106 1514 1236 1597 proprio
1270 1514 1333 1577 loco
1365 1533 1402 1572 suo

302 1623 362 1687 hue
386 1625 548 1706 potuerint
577 1624 760 1706 transferri,
794 1625 1002 1707 intellegitur.
1047 1623 1207 1686 Pristinus
1234 1624 1327 1707 igitur
1349 1620 1403 1684 ordo

301 1733 353 1796 hie
375 1735 451 1798 fuit:

217 1893 283 1940 ,ιλιι
451 1879 601 1958 ἀνήμεροι
623 1881 684 1957 γὰρ
708 1880 784 1943 οὐδὲ
807 1881 1004 1959 πρόιπλατοι
1026 1881 1138 1946 ξένοις.
1371 1885 1404 1933 ιιι

453 1990 560 2065 ἰεθμόν
583 1991 614 2051 o'
638 1991 691 2052 ἐπ’
715 1991 824 2054 αὐτοῖς
847 1991 1052 2069 (τενοπόροιε
1076 1991 1183 2068 λίμνη(
1207 1991 1315 2053 πύλαι(
1370 1997 1401 2044 ιιι

454 2099 636 2177 Κιμμερικὸν
659 2099 741 2176 ἥξει(
763 2137 814 2180 —,

299 2232 350 2294 hic
374 2237 480 2296 utitem
503 2233 575 2296 inde
599 2256 616 2295 a
639 2258 668 2296 ν.
695 2235 772 2298 792:

451 2371 528 2433 ὅταν
552 2371 688 2453 περάιῃ(
713 2371 839 2448 ῥεῖθρον
861 2372 1002 2448 ἠπείρων
1026 2371 1106 2450 ὅρον

450 2483 530 2559 πρὸ(
553 2480 691 2544 ἀντολὰς
715 2483 894 2560 φλογῶπας
916 2483 1117 2562 quomam,

448 2591 530 2666 ἥξει(
553 2592 585 2653 δ’
608 2590 754 2669 ὑβριιτὴν
778 2592 922 2669 ποταμὸν
947 2592 986 2655 οὐ
1009 2592 1235 2669 ψευδώνυμον,

449 2809 540 2873 αὗταί
563 2812 595 2874 c‘
618 2811 805 2888 ὁδηγήιονει
827 2811 876 2873 καὶ
899 2812 975 2888 μάλ’
998 2812 1149 2888 ἀεμένιιιε.

756 2921 772 2956 *
960 2919 977 2956 ss

858 2968 875 3005 ²1²

447 3032 569 3095 πόντου
592 3035 722 3109 περιίιω
744 3034 912 3110 φλοῑεβον,
937 3032 1003 3095 ἔετ)
1027 3033 1066 3095 ἂν
1090 3032 1172 3116 ἐξίκῃ
1189 3053 1217 3093 e.
1234 3054 1264 3114 q.
1281 3054 1305 3093 s,
1371 3037 1404 3084 7¹9⁸*

294 3166 345 3230 Ita
367 3166 481 3229 itinere
504 3165 728 3248 geographicis
757 3167 934 3228 rationibus
962 3188 1089 3247 prorsus
1119 3171 1330 3230 consentaneo
1349 3164 1404 3226 Ioa

294 3275 484 3338 Prometheo
516 3276 662 3358 pervenit
690 3275 729 3337 ad
761 3276 895 3357 chtlras
930 3298 986 3357 per
1019 3276 1195 3359 Bosporum
1230 3273 1404 3340 Cimmerium

294 3408 391 3469 usque
414 3386 448 3447 in
471 3385 661 3449 Caucasum:
691 3407 751 3467 quo
774 3391 961 3447 transcenso
987 3385 1150 3447 meridiem
1172 3407 1280 3448 versus
1302 3404 1404 3468 progre-

295 3496 379 3557 ditur
401 3497 434 3557 in
458 3494 641 3558 Colchidem
665 3496 862 3557 Arnazonum
885 3499 1020 3575 terram,
1051 3519 1069 3557 a
1092 3495 1206 3578 quibus
1230 3517 1321 3579 porro
1341 3491 1404 3554 duci-

294 3611 346 3667 tur
379 3606 412 3667 in
443 3628 495 3666 eas
529 3608 646 3686 terras,
688 3627 820 3686 querum
851 3605 980 3667 nomina
1009 3609 1139 3687 propter
1168 3605 1313 3668 lammam
1338 3602 1403 3664 illan

294 3714 540 3778 interciderunt:
564 3715 711 3776 videntur
734 3719 841 3777 tamen
857 3737 912 3777 eae
929 3716 1026 3778 Asiae
1048 3715 1196 3798 regiones
1219 3716 1404 3794 fuisseque

293 3825 327 3887 in
350 3825 460 3887 eadem
483 3847 515 3886 re
539 3829 825 3888 commemorantur
848 3825 881 3887 in
902 3825 1113 3908 Supplieibus,
1145 3825 1300 3899 Quoniam
1321 3826 1403 3884 autern

293 3935 353 3998 duo
376 3938 450 3997 sunt
475 3934 606 4017 Bospori
635 3937 674 3996 ab
698 3935 774 3998 Ioue
796 3935 968 4018 appellati,
1003 3935 1131 3998 Thracii
1161 3935 1287 4018 quidem
1308 3929 1403 3996 mentio

292 4046 328 4107 fit
351 4067 387 4108 eo
410 4067 517 4124 versu,
548 4045 600 4128 qni
631 4050 702 4127 post
728 4045 875 4108 lacunam
907 4046 1026 4127 primus
1049 4049 1110 4108 est:
1155 4047 1277 4111 πόντου
1299 4045 1403 4121 neptim

292 4158 458 4234 otoicssov,
486 4154 517 4216 id
540 4154 621 4237 quod
642 4154 764 4236 pridem
786 4155 865 4219 vidit
885 4155 910 4218 Ι.
928 4155 970 4218 Η.
988 4155 1129 4218 Vossius
1161 4155 1321 4218 immerito
1336 4149 1402 4213 euin

291 4263 478 4326 Wclckerus
507 4263 702 4346 obloquitur,
738 4265 785 4327 cui
815 4266 981 4329 nonsatis
1004 4267 1227 4349 aptandvroo
1253 4258 1403 4347 appellatio

293 4373 426 4436 videtur.
464 4373 546 4436 Nam
570 4396 661 4456 quem
686 4375 724 4436 ad
748 4375 874 4438 moduni
899 4377 1002 4458 ipsum
1024 4375 1201 4458 Bosporum
1224 4371 1402 4438 Cimmerium
