2954 5134
664 366 710 410 DE
734 365 804 412 ORO
828 366 872 412 ET
894 366 1037 412 ORIONE.

811 519 884 598 §a

361 627 516 702 Quattuor
539 628 676 690 eruimus
699 649 716 690 c
738 627 909 710 multiplici
937 628 1103 691 nominum
1129 627 1282 692 varietate
1307 649 1386 712 gran-

276 738 425 821 maticoS,
455 738 490 800 in
515 737 564 799 his
594 740 699 800 autern
727 737 804 800 duos
831 741 975 820 tantum,
1005 760 1137 821 quornm
1163 737 1330 821 pleniorem
1347 736 1387 799 ha-

276 848 350 910 bere
374 848 590 933 cognitionem
613 852 645 910 et
667 848 764 911 liccat
786 852 818 910 et
841 851 951 910 nostra
974 849 1109 931 referat,
1139 848 1193 932 qui
1220 851 1291 911 sunt
1315 847 1387 912 Orus

275 957 456 1021 Milesius
490 958 642 1021 sacculi
678 958 716 1021 ll
754 963 786 1021 et
823 958 916 1022 Orio
950 958 1159 1022 Thebanus
1196 957 1335 1023 saeculi
1361 955 1388 1018 l'.

275 1068 488 1132 Alexandrini
519 1069 605 1131 enim
638 1069 695 1131 Ori
729 1090 810 1152 qnae
845 1068 887 1131 sit
919 1069 1018 1151 ratic,
1057 1070 1219 1151 scriptone
1251 1067 1389 1150 quicquan

275 1199 376 1240 necne
404 1179 585 1261 reliquerit,
615 1199 674 1241 nec
702 1181 845 1241 veterum
878 1178 1045 1262 quisquam
1073 1179 1246 1241 memoriae
1277 1176 1390 1260 prodidit
1462 1243 1463 1260 ξ

275 1309 334 1350 nec
366 1310 425 1351 nos
458 1288 611 1352 hebemus
651 1289 763 1352 dicere.
819 1288 1018 1371 Quamquam
1055 1291 1159 1351 exstat
1196 1289 1232 1352 in
1267 1285 1390 1350 Favorini
1462 1287 1463 1369 1

275 1396 405 1482 Eulogie
421 1422 451 1481 p.
469 1398 542 1480 414,
558 1399 579 1461 4
601 1398 696 1461 Dind.
714 1399 829 1477 Ὧρος
853 1399 1044 1478 ὁμικρόε,
1063 1419 1200 1481 quocum
1221 1397 1312 1460 facile
1325 1396 1391 1479 quia
1462 1417 1463 1470 3

275 1508 361 1590 piam
385 1509 600 1588 contenderit,
622 1508 705 1590 quod
726 1512 774 1571 est
789 1509 824 1571 in
840 1508 1063 1592 Etymologico
1080 1507 1228 1572 Gudiano
1244 1529 1316 1570 voce
1331 1508 1391 1569 Καλ-

274 1621 383 1696 χηδών
402 1642 433 1701 p.
450 1619 523 1701 296,
540 1619 582 1681 44
597 1619 695 1697 Ὧρος
718 1620 737 1683 ὁ
760 1619 899 1696 μαίων,
924 1622 1106 1701 corruptum
1124 1618 1247 1682 seilicet
1268 1640 1284 1679 e
1305 1617 1391 1696 μείων.
1462 1683 1463 1706 ἦ

275 1725 336 1790 Sed
354 1732 389 1790 ut
412 1729 515 1792 dicam
538 1728 621 1811 quod
644 1751 693 1791 res
717 1732 779 1810 est,
810 1728 850 1791 ad
873 1729 957 1791 idem
979 1749 1080 1812 genus
1103 1728 1296 1792 somniorum
1317 1725 1392 1809 pcrti-
1462 1723 1463 1786 l

274 1842 330 1900 net
356 1839 454 1916 Ὦρος
483 1839 501 1902 ὁ
531 1841 638 1918 μικρός
668 1843 762 1922 atque
789 1839 824 1902 in
857 1839 998 1901 diversas
1032 1841 1139 1920 partes
1168 1841 1278 1901 nostra
1309 1841 1393 1900 aetate

274 1947 452 2030 disceptata
476 1950 594 2028 Θηβαῖε
617 1953 635 2028 ἡ
659 1950 765 2027 μικράς
793 1948 832 2011 de
861 1970 922 2032 qua
946 1948 1074 2032 quidem
1101 1947 1196 2011 hodie
1219 1953 1320 2011 actum
1341 1966 1393 2008 esse
1462 1967 1463 2024 i

273 2061 359 2139 puto.
406 2058 537 2121 Etenim
560 2059 748 2141 simpliciter
770 2059 928 2122 translata
957 2061 1026 2121 tota
1048 2057 1200 2122 Favorini
1223 2058 1339 2121 notatio
1358 2073 1393 2116 est
1462 2029 1463 2048 Χ

274 2188 311 2228 ex
334 2167 557 2252 Etymologico
580 2170 621 2231 M.
647 2192 678 2251 p.
704 2169 775 2250 742,
798 2171 828 2251 2,
853 2168 905 2231 hic
929 2172 1034 2231 autem
1056 2189 1115 2251 pro
1137 2169 1245 2248 pinpo(
1266 2168 1352 2251 plane
1371 2167 1395 2225 et

274 2281 382 2359 aperte
411 2279 635 2362 consignatum
664 2278 762 2341 habes
794 2279 952 2356 Μιλήειοε.
997 2277 1081 2356 Quo,
1116 2277 1142 2340 si
1174 2277 1248 2361 quid
1281 2279 1342 2340 erat
1368 2275 1393 2336 in

275 2385 413 2450 Gudiani
435 2389 588 2451 memoria
610 2389 780 2470 momenti,
810 2410 938 2471 prorsus
961 2387 1150 2451 detrahitur.
1197 2387 1305 2471 Neque
1325 2385 1394 2449 enin
1462 2353 1463 2422 l

273 2497 307 2559 in
330 2497 390 2560 hoc
413 2498 571 2561 diversum
594 2499 754 2561 alllilesio
777 2499 938 2561 hominem
955 2499 1131 2582 significari
1156 2497 1314 2561 commode
1334 2496 1393 2558 licet

272 2608 443 2672 declarare.
478 2607 563 2671 Nam
586 2631 657 2672 curn
679 2609 801 2672 octiens
825 2612 857 2672 et
879 2608 1040 2692 vigesiens
1062 2608 1096 2670 in
1113 2604 1393 2692 Etymologianu·
1462 2569 1463 2644 l

273 2717 368 2780 diano
392 2718 474 2782 Orus
499 2719 623 2800 citetur,
653 2724 685 2782 et
713 2723 898 2782 constanter
921 2718 1047 2802 quidem
1069 2719 1186 2781 omisso
1216 2717 1327 2803 gentili
1352 2736 1394 2777 no

272 2830 374 2912 mine,
409 2830 525 2892 bonam
558 2834 667 2893 tamen
695 2833 821 2913 partem
850 2830 964 2893 harum
996 2829 1199 2893 notationum
1231 2851 1301 2892 cum
1326 2822 1394 2908 apud
1462 2909 1463 2912 Ἴ

272 2937 429 3002 Zonaram
451 2945 519 3002 tum
541 2940 575 3002 in
597 2941 820 3025 Etymologico
848 2940 967 3024 Magno
990 2939 1087 3024 (quod
1110 2961 1182 3003 cum
1204 2939 1292 3022 dico,
1317 2933 1394 2999 simul

258 3050 414 3133 ‘cogitare
442 3050 480 3112 de
508 3051 664 3134 excerptis
687 3050 926 3113 Havniensibus
949 3049 1166 3133 Parisinisqne
1196 3049 1295 3133 soleo)
1321 3065 1394 3128 repe·

271 3160 369 3222 rimus
397 3161 465 3242 ipso
494 3161 617 3223 adiecto
646 3163 797 3240 Mrlriooc
826 3161 988 3224 vocabulo.
1039 3159 1175 3224 Accedit
1207 3159 1292 3222 alind
1321 3154 1395 3240 quid·
1462 3211 1463 3282 ,

190 3291 193 3296 ·
272 3270 344 3334 dun]
368 3271 445 3334 satis
468 3271 688 3353 memorabile,
713 3271 794 3354 quod
820 3271 946 3334 illarum
968 3271 1170 3333 notationum
1193 3269 1307 3353 viginti
1328 3267 1394 3328 duae
1462 3307 1463 3354 ,

273 3387 304 3442 et
330 3382 363 3444 in
392 3405 456 3445 una
481 3384 502 3446 l<
526 3383 634 3445 littera
662 3385 790 3444 exstant
820 3361 948 3444 et'rero
982 3403 1018 3444 ca
1051 3381 1137 3444 inter
1169 3402 1203 3443 se
1231 3375 1393 3444 constantii

273 3493 462 3556 continuant
484 3493 663 3556 litterarum
692 3492 850 3575 ordinem,
880 3513 961 3574 quae
989 3491 1066 3554 satis
1093 3513 1111 3553 a
1135 3490 1284 3554 Gudiano
1307 3486 1394 3551 lexico
1462 3507 1463 3544 l

272 3603 351 3665 solet
379 3603 484 3666 aliena
512 3625 590 3665 esse.
641 3602 736 3666 Haud
768 3602 913 3665 absimile
941 3605 1004 3684 est,
1045 3605 1081 3663 ut
1112 3600 1174 3665 hoc
1202 3601 1291 3685 qnasi
1316 3617 1391 3682 prae

272 3714 390 3776 toriens
412 3714 602 3797 significem,
627 3713 709 3796 quod
726 3713 757 3775 in
775 3712 882 3776 Koesii
899 3734 937 3775 ex
952 3711 1176 3795 Etymologico
1191 3711 1332 3774 Parisino
1351 3727 1393 3768 er·
1462 3701 1463 3756 l

273 3825 404 3904 cerptis,
437 3846 507 3886 curn
530 3824 643 3906 duplex
674 3824 852 3886 litterarum
875 3823 952 3886 ordo
974 3822 1140 3885 institutus
1167 3823 1233 3884 sive
1255 3844 1272 3884 a
1294 3815 1393 3882 noesio
1462 3839 1463 3866 ι

272 3935 314 3995 sit
337 3934 401 3996 sivc
425 3935 465 3995 ab
489 3934 634 4011 librari0,
659 3934 843 4015 posterioris
866 3933 992 4016 quidem
1014 3931 1161 4015 Singulae
1184 3953 1294 3996 novem
1315 3931 1392 3990 notu·

271 4044 374 4106 tiones
399 4045 568 4106 continuae
591 4045 747 4126 praebent
769 4044 869 4122 Ὦρο(
891 4064 1025 4125 nornen,
1055 4041 1138 4125 quod
1162 4065 1203 4106 ne
1225 4039 1315 4104 semel
1336 4035 1391 4120 qui-

273 4153 344 4215 dem
368 4158 528 4236 comparet
555 4156 590 4216 in
620 4154 722 4236 priore
751 4141 870 4216 ordine.
917 4153 998 4216 Sunt
1025 4156 1131 4215 autem
1155 4151 1288 4216 Gudiaui
1309 4142 1390 4211 ml

223 4282 253 4328 14
273 4263 347 4325 illae
379 4286 469 4326 voees
502 4265 577 4326 hae:
614 4266 779 4336 Καλλάτιε,
815 4264 995 4343 Καλχηδόν,
1027 4264 1208 4344 Καμπανοί,
1245 4262 1391 4335 Κάνωβοε.
1462 4301 1463 4360 ᾧ

274 4374 452 4454 Κάππαριε,
483 4376 621 4453 Καρύκη,
654 4377 861 4455 Κατηγορεῑν,
899 4375 1027 4456 Καυεὶα,
1064 4375 1218 4455 Κιβωτόε,
1250 4371 1390 4434 Κίναιδοε.
1462 4379 1463 4447 l
