2976 5140
448 399 495 445 na
518 397 587 446 ono
612 397 656 445 nr
679 397 822 444 aurona.
1142 379 1205 445 619

82 573 164 634 quam
185 552 274 634 quale
295 551 373 616 illud
396 557 456 634 est,
480 573 575 634 supra
599 551 663 616 iam
686 551 844 614 elevatum
867 555 886 632 6
913 551 966 632 12,
995 549 1079 634 quod
1106 551 1205 630 Ὠροε

83 661 205 724 nominis
227 661 396 746 vestigium
420 666 451 726 ct
474 661 542 726 leve
565 665 597 725 et
618 661 719 725 fallax
743 664 847 724 exstat
870 661 903 724 in
925 661 1094 744 Excerptis
1117 661 1204 726 Pari-

82 770 159 834 siuis
201 771 268 846 Quo
290 772 374 836 haud
397 772 463 836 scio
485 795 527 836 aa
550 772 706 836 infirmius
735 771 831 834 etiarn
860 775 988 855 petatur
1016 794 1053 836 ex
1077 771 1205 836 Orionis

82 879 114 942 de
134 881 223 962 ἁβρόε
245 881 412 946 notatione
435 905 466 966 p.
490 885 521 964 3,
550 885 602 946 ll:
625 883 644 948 ὁ
667 883 801 964 κούφως
823 883 961 962 βαίνων,
990 885 1069 948 κατὰ
1097 884 1204 962 (τέμη-

82 1012 121 1054 αν
150 996 204 1056 τοῦ
237 993 365 1072 βάρουε.
415 994 520 1060 οὕτω(
549 993 584 1058 ἐν
613 995 812 1072 ὑπομνήματι
840 995 1069 1072 Ἀνακρέοντα(
1096 992 1202 1072 εὖρον.
1221 1008 1254 1058 35

81 1101 238 1180 Ὅμηρος
283 1105 370 1183 παρὰ
397 1105 435 1169 τὸ
463 1103 542 1169 ἄνευ
570 1105 639 1186 βία(
672 1105 812 1184 αίμεαθαι
839 1125 863 1168 κ
892 1126 917 1169 τ.
946 1105 974 1167 λ.
1025 1103 1063 1166 In
1092 1102 1204 1187 quibus

81 1212 207 1292 quamvis
223 1212 351 1276 indocte
368 1214 583 1297 importmrum
600 1218 713 1298 poetae
729 1237 847 1296 nomen
868 1213 1022 1277 deleverit
1044 1237 1114 1277 cum
1130 1215 1204 1276 Lar·
1255 1263 1259 1272 .

82 1319 162 1384 chero
183 1321 340 1405 SturziuS,
370 1327 479 1388 tomen
507 1325 674 1408 quominus
704 1325 737 1388 iu
760 1325 779 1390 ὁ
802 1325 834 1388 δ’
858 1325 974 1404 Ὠμοε
1002 1323 1079 1386 illud
1102 1327 1205 1386 verla-

80 1451 139 1492 mos
159 1432 597 1514 (cf.Tittmarn1uminZ0n.
614 1457 646 1518 p.
667 1435 747 1498 1139
763 1457 794 1498 n.
812 1433 885 1519 63),
909 1432 1077 1518 ingeniosa
1099 1433 1204 1518 prohi-

81 1538 125 1602 bet
143 1539 240 1606 Bastii
265 1544 449 1609 coniectura
472 1545 506 1610 in
530 1544 721 1631 Gregoriom
744 1567 775 1630 p.
799 1545 872 1609 576.

588 1829 608 1908 s
633 1827 682 1890 19.

149 1983 288 2049 Tantum
311 1986 437 2070 quidem
459 1985 498 2049 de
521 1987 676 2050 Orione.
723 1986 760 2050 ln
789 1987 866 2052 Oro
893 1987 978 2050 onim
1001 1985 1122 2069 reliqua
1144 1986 1205 2050 dis·

79 2094 188 2173 putatio
215 2097 321 2160 omnis
351 2096 538 2160 versabitur.
584 2097 679 2160 (luins
708 2096 923 2160 divorsissima
952 2100 1048 2178 atquo
1076 2096 1205 2160 Orionis

79 2203 148 2266 ratio
173 2210 221 2269 est
242 2211 277 2270 et
300 2207 417 2288 virtus,
447 2210 482 2270 ut
508 2229 589 2290 (punc
617 2229 683 2271 non
712 2207 833 2270 utiliter
860 2211 1048 2270 conservata
1076 2209 1145 2268 arte
1174 2211 1206 2269 ct

78 2310 111 2374 al
134 2319 275 2396 posteros
303 2321 484 2401 propagata
513 2317 730 2400 contineatur,
765 2317 820 2380 scd
848 2316 959 2380 eadem
987 2339 1050 2381 non
1080 2317 1205 2400 vulgari

78 2427 104 2482 et
121 2422 247 2508 ingenio
271 2430 304 2490 et
327 2427 474 2491 doctriua
497 2431 653 2510 promota.
699 2427 789 2502 (laod
812 2431 848 2490 ut
876 2427 922 2490 ita
945 2448 1013 2490 esse
1036 2426 1204 2510 intellega—
1294 2426 1299 2434 ’

77 2534 129 2614 tur,
150 2541 278 2618 praeter
300 2540 416 2620 cetera,
441 2541 518 2622 quot
540 2539 710 2622 qualesque
733 2536 808 2620 sint,
836 2560 914 2622 quos
937 2537 1056 2622 scripto
1080 2536 1204 2620 consig-

78 2643 151 2706 narit
171 2644 269 2710 libros
297 2649 540 2731 grammaticos,
570 2647 786 2732 quaerendum
814 2651 872 2711 est.
918 2649 1058 2722 Quorum
1084 2647 1206 2730 gravis-

77 2751 159 2817 simos
181 2757 478 2822 etestimoniorum
501 2758 705 2822 multitudine
733 2757 829 2822 facile
852 2757 1053 2840 intellegitur
1075 2779 1143 2820 esse
1167 2757 1206 2820 de

77 2863 360 2950 orthographia
389 2873 421 2932 ct
447 2867 487 2931 de
514 2867 686 2932 ethnicis
710 2867 964 2931 commentarios.
1011 2869 1059 2930 Ac
1082 2867 1120 2930 de
1143 2867 1206 2930 illis

77 2967 144 3036 haee
169 2977 297 3058 prodita
326 2981 400 3041 sunt
428 2999 466 3042 er
495 2977 718 3063 Etymologico
746 2977 892 3042 Parisino
914 2999 946 3041 n.
970 2977 1055 3042 2630
1084 2977 1203 3041 Aduot.

76 3078 104 3144 in
124 3081 172 3148 Εί.
197 3085 241 3150 M.
267 3109 300 3170 p.
326 3089 386 3152 793
409 3087 547 3173 itemque
571 3087 749 3152 Havniensi
770 3111 802 3172 p.
827 3089 905 3172 961,
929 3109 1009 3172 quae
1032 3087 1206 3172 neglegen-

77 3189 185 3258 tissime
212 3196 387 3281 descripta.
405 3197 503 3262 habes
531 3199 565 3262 in
593 3199 701 3262 Ko'csii
734 3221 772 3262 ex
801 3197 912 3262 eodem
941 3197 996 3262 illo
1023 3197 1126 3282 Regio
1154 3205 1209 3261 ex-'

77 3305 181 3386 cerpus
213 3329 246 3390 p.
276 3307 350 3390 192,
385 3309 441 3390 35,
481 3310 623 3392 graviter
663 3311 812 3392 corrupta
851 3312 958 3372 autem
991 3307 1024 3372 in
1058 3308 1205 3372 Gudiauo

76 3414 195 3496 μ415,
218 3417 278 3481 45:
315 3419 334 3483 ὁ
362 3420 471 3498 μέντοι
499 3419 613 3500 Ὦρος
642 3419 683 3484 ἐν
717 3425 760 3504 τῇ
796 3419 921 3502 οἰκείᾳ
953 3417 1206 3503 ὁμθογραφίᾳ

76 3525 119 3588 διὰ
138 3533 193 3606 τῆ(
220 3531 247 3596 ε“ι
276 3529 456 3611 διφθόγγου
483 3530 615 3611 γράφει,
644 3529 685 3594 ἐν
715 3531 755 3594 δὲ
786 3536 837 3613 τῷ
868 3529 1117 3609 ὑπομνήματι
1140 3534 1205 3610 τῆ(

76 3633 338 3721 ὀρθογραφίαε
359 3644 428 3705 τοῦ
451 3641 695 3720 Ἡρωδιανοῦ
712 3639 860 3720 ἐπικρίνει
876 3641 934 3720 τήν
952 3641 1004 3704 διὰ
1019 3645 1078 3704 τοῦ
1093 3641 1116 3706 ἶ
1129 3661 1206 3719 γρα-

75 3745 141 3823 φήν.
184 3747 212 3812 Ε
239 3749 353 3834 quibus
382 3771 453 3812 eum
480 3749 514 3812 in
542 3749 718 3814 Herodiani
752 3749 1016 3834 orthographiam
1049 3749 1207 3834 singulari

76 3851 148 3920 libro
170 3862 419 3924 commentatum
442 3881 509 3924 csse
533 3859 682 3924 discimus
689 3910 698 3944 ‚
732 3863 801 3924 tom
829 3863 941 3943 suopte
970 3859 1104 3924 consilio
1132 3883 1206 3925 ean·

75 3962 138 4028 dem
170 3969 234 4032 alia
267 3970 441 4053 scriptione
474 3971 682 4054 complexum.
734 3969 782 4034 Flo
814 3971 913 4055 igitur
947 3974 1088 4056 spectat,
1123 3972 1206 4056 quod

75 4076 151 4156 apol
178 4077 335 4143 Zonaram
363 4103 394 4164 p.
420 4081 503 4145 1010
530 4081 649 4166 legitur
677 4081 775 4162 Ὠροε
805 4081 823 4146 ὁ
852 4083 1003 4160 Μιλήειο(
1031 4083 1067 4148 ἐν
1094 4087 1132 4166 τῇ
1156 4083 1205 4146 οἰ-

75 4187 150 4268 κείᾳ
181 4189 280 4254 αίηοῡ
314 4191 525 4276 ὀρθογραφίᾳ.
581 4191 674 4256 Hanc
709 4195 815 4255 autern
849 4190 1025 4276 significari
1059 4195 1203 4276 apparet,

75 4295 254 4384 ubicumque
286 4300 475 4384 simpliciter
508 4301 564 4368 Ori
597 4301 828 4388 orthographia
856 4306 1134 4384 commemoretur,
1171 4303 1205 4367 in

75 4403 173 4492 Etym.
202 4407 246 4473 M.
269 4431 301 4492 p.
325 4412 403 4496 816,
433 4413 491 4476 38:
541 4413 646 4480 οὕτω(
681 4413 778 4495 εὑρον
813 4413 857 4480 εἰ(
889 4415 947 4494 τὴν
980 4412 1204 4496 ὁμθογμαφίαν
