3052 5136
507 369 667 415 scamma
690 369 862 415 ciurana.
1195 353 1255 417 i‘2tt

119 520 331 586 contendendi
353 523 429 584 sunt·
453 544 481 585 v.
507 521 566 586 727
590 545 658 606 sqq.
695 521 881 607 [Vulgatam
904 523 938 586 in
962 523 1022 606 Op.
1048 527 1080 586 et
1102 523 1132 586 d.
1157 523 1255 606 scrip-

118 637 221 696 turam
242 631 349 696 dedita
365 653 462 715 opera
485 632 629 696 defendit
650 653 762 696 censer
783 632 906 716 opellae
929 637 1058 697 nostrae
1073 634 1107 698 in
1123 633 1255 698 Diurnis

117 742 313 808 scholasticis
336 765 365 806 a.
394 743 474 806 1832
496 763 527 826 p,
550 742 612 806 942
634 767 682 827 sq.
726 741 795 808 Nec
819 765 838 806 u
860 742 1065 826 simplicitate
1088 743 1169 826 epici
1192 767 1256 808 ser-

116 853 235 934 monis,
259 853 339 918 alias
362 853 577 917 dubitationes
599 855 635 916 ut
657 853 818 936 omittam,
847 854 1010 937 proposita
1032 854 1108 916 olim
1131 855 1255 918 coniec-

116 967 186 1028 tura
214 985 280 1028 non
308 967 414 1046 potest
442 963 547 1028 aliena
576 963 685 1027 videri.
730 963 898 1028 Leniorem
927 963 1012 1028 viem
1038 964 1169 1028 memmi
1192 969 1256 1028 stu·

117 1071 451 1138 diorumllalensium
477 1073 598 1138 socium
626 1073 847 1138 suavissimum
870 1073 1059 1138 llaurieium
1082 1073 1255 1158 Seyl'ser-

116 1189 192 1248 tum
215 1183 363 1248 suadere:
399 1187 457 1264 τήν
485 1186 519 1249 ol
541 1185 652 1265 ἑτέρην
681 1223 724 1232 -
751 1186 912 1265 προτέρην
938 1186 996 1264 μὲν
1024 1185 1168 1262 ἐγείνατο
1193 1187 1256 1251 Νὺξ

113 1295 264 1374 ἐρεβεννή
294 1331 338 1343 --
367 1299 464 1373 θῆκεν
501 1295 584 1375 ἔριν
625 1291 778 1374 Κρονίδη(
816 1295 970 1375 ὑψίζυγοε
1131 1295 1255 1360 πολλόν

113 1403 254 1490 ἀμείνω]

199 1573 248 1637 De
269 1573 442 1640 Hesiodo
473 1576 569 1639 aliam
592 1575 751 1658 (patrandam
774 1576 969 1640 sententiani
990 1597 1094 1638 meam
1118 1575 1257 1639 breviter
1275 1589 1306 1636 al

116 1684 319 1769 significabo.
364 1685 620 1768 Theogoniae
649 1685 733 1749 enim
765 1707 873 1750 versus
905 1685 1071 1749 ror-112
1103 1686 1148 1748 sic
1181 1689 1257 1770 puto

115 1795 373 1880 transponendus
397 1817 480 1860 esse:

199 1949 325 2030 χαίρετε
347 1951 443 2015 τέκνα
464 1951 562 2033 Arde,
586 1951 660 2016 δότε
683 1950 716 2014 δ’
738 1949 921 2030 ἱμερόεεεαν
944 1948 1068 2032 ἀοιδήν,

197 2058 307 2124 εἴπατε
329 2062 376 2136 δ’,
399 2061 444 2125 ὼε
466 2065 655 2140 ταπρῶτα
677 2061 745 2126 θεοί
767 2061 817 2124 καὶ
840 2061 915 2124 Γαῖα
936 2060 1086 2136 γένοντο,

198 2169 249 2233 καὶ
270 2169 416 2250 Ποταμοὶ
443 2173 493 2236 καὶ
515 2171 643 2236 Πόντοε
666 2170 827 2250 ἀπείριτοε
851 2171 973 2247 οἴδματι
995 2170 1084 2234 θύων

197 2280 315 2358 Ἀετρα
337 2301 371 2344 τε
393 2282 625 2358 λαμπετόωντα
647 2281 697 2344 καὶ
720 2280 868 2359 Οὐρανόε
891 2280 984 2358 εὐρὺ(
1008 2279 1154 2359 ὕπερθεν.

198 2389 315 2454 κλείετε
339 2392 371 2455 δ’
395 2391 566 2457 ἀθανάτων
589 2391 677 2470 ίερόν
700 2391 796 2466 γένοε
817 2389 884 2454 αἰὲν
908 2389 1044 2471 ἐόντων,
1210 2400 1256 2449 roo

198 2501 230 2564 οἳ
255 2501 311 2578 Γῆ(
334 2501 522 2577 ἐξεγένοντο
545 2501 594 2565 καί
618 2501 770 2582 Οὐρανοῦ
792 2499 1011 2581 ἀετερόεντοε,

198 2610 346 2674 Νυκτόε
369 2631 408 2676 τε
431 2615 604 2692 δνοφερῆε,
628 2611 685 2677 οὕ(
708 2613 740 2674 θ’
763 2611 903 2691 άλμυρόε
925 2611 1039 2690 ἔτρεφε
1063 2611 1198 2677 πόντο(’

198 2719 244 2784 duc
265 2721 299 2783 δ’
321 2720 444 2800 docio<
468 2722 623 2787 δόεεαντο
647 2727 710 2786 κτλ.
1210 2731 1256 2781 ιιι

108 2871 148 2934 ln
167 2893 269 2954 versu,
293 2872 347 2956 qui
363 2873 459 2957 vulgo
475 2878 524 2937 est
544 2875 612 2956 ild,
637 2875 732 2957 plane
756 2872 905 2936 abhorret
922 2873 963 2936 ab
979 2873 1088 2957 epicae
1104 2873 1256 2936 orationis

108 2981 307 3065 proprietate
343 2982 511 3047 collocatio
546 2985 713 3047 verborum
743 2984 863 3048 Νυκτόε
891 2984 940 3047 καὶ
969 2988 1148 3064 δνοφερῆετ
1183 3006 1256 3067 quo-

111 3092 198 3156 circa
222 3091 390 3156 Eduardus
414 3094 596 3158 Gerhardus
620 3093 806 3158 Lectionum
829 3093 979 3177 Apellen.
1007 3116 1039 3176 p.
1056 3095 1096 3158 58
1121 3093 1257 3157 correxit

110 3204 163 3266 καί
188 3204 222 3266 Ν.
238 3209 303 3268 δν.;
327 3203 409 3286 quod
433 3227 497 3268 non
520 3203 721 3288 displiceret,
744 3202 806 3266 nisi
830 3203 864 3267 in
887 3203 1006 3266 Aldine
1028 3203 1167 3288 itemque
1190 3203 1257 3268 Ste-

107 3311 278 3394 phaniano
310 3314 484 3396 exemplari
515 3315 675 3398 legeretur
705 3315 826 3378 Νυκτόε
860 3315 894 3378 δὲ
927 3318 1100 3394 δνοφερήε.
1146 3313 1257 3396 Itaque

109 3424 145 3484 iu
169 3421 254 3484 idem
277 3421 355 3486 illud
383 3427 417 3489 τὲ
440 3424 549 3488 eudem
577 3425 712 3487 fortusse
741 3423 865 3486 ratione
887 3422 1037 3487 incidisse
1061 3423 1096 3488 L.
1121 3423 1255 3486 Diodor-

105 3532 186 3594 fium
216 3531 306 3594 video
343 3529 427 3618 [post
457 3534 690 3616 Gaisl'ordium‚
725 3532 780 3618 qui
815 3533 892 3596 illud
921 3533 1019 3596 tacite
1047 3537 1210 3617 receperat
1239 3557 1255 3595 e

105 3639 288 3726 Theophila
316 3642 355 3704 ad
379 3643 487 3707 Autol.
512 3643 554 3726 ll,
579 3643 622 3732 o].
669 3643 813 3728 Denique
837 3641 915 3706 eieci
940 3664 1065 3706 versum
1091 3645 1167 3725 111,
1202 3643 1254 3728 qni

104 3751 174 3815 iam
197 3773 293 3834 supra
314 3751 484 3836 legebatur
506 3757 578 3837 post
601 3777 630 3818 ν.
653 3753 746 3837 lest)

176 4023 201 4088 *“)
226 4021 385 4090 [Verissime
409 4023 515 4077 monuit
534 4026 565 4076 a.
585 4025 759 4078 Hernumnus
784 4026 883 4093 ttpusc.
909 4023 959 4090 Vl,
986 4031 995 4077 l
1023 4042 1050 4093 p.
1074 4029 1118 4078 161
1143 4023 1255 4077 omnino

103 4116 207 4169 horum
227 4131 354 4169 versuum
373 4117 570 4170 tractationem
590 4136 644 4170 nun
664 4117 748 4171 sciisse
767 4117 803 4170 ιιΙι
817 4136 850 4170 ea
863 4117 1026 4184 quaestione
1045 4117 1254 4184 seiungcndam,

101 4223 179 4275 quac
206 4209 249 4262 cst
273 4207 307 4262 de
335 4207 508 4264 diversorum
531 4211 737 4279 prooemiorum
766 4210 792 4264 in
818 4227 900 4264 numu
931 4210 1050 4278 speeiem
1074 4210 1255 4264 conflatorum

100 4317 251 4369 compage.
290 4301 330 4356 De
354 4319 409 4369 qua
432 4302 596 4370 quaestione
620 4303 682 4358 vide
701 4321 786 4370 nunc,
811 4306 841 4357 ut
864 4303 892 4356 iu
915 4303 1006 4356 tribus
1024 4304 1183 4358 nominibus
1202 4304 1255 4373 pri-

100 4393 229 4450 moribus
249 4395 406 4460 subsistam,
425 4396 516 4466 ipsum
529 4397 758 4452 llerrnannuiu
778 4398 824 4452 ‘de
837 4397 950 4452 llesiodi
966 4397 1147 4466 Tlieogoniae
1165 4399 1252 4450 l'ormu
