2990 5140
309 326 372 387 210
659 341 816 386 ἰτωικκιι
838 339 1098 387 ι’κοιποοιιυκλ

311 493 350 556 ού
381 495 478 571 μέλον
507 494 569 556 ἐςτί
596 514 663 571 μοι,
694 493 785 556 ὅπως
814 495 853 556 ἂν
883 494 932 556 καί
957 495 1137 570 ’καλέςειας,
1171 493 1232 558 εἴτε
1260 493 1423 570 εἷςοδον,ι“γ

311 603 486 676 εἰςέλευςιν,
516 604 534 680 ἢ
558 603 718 681 ἐπήλυςιν,
741 604 760 679 ἢ
784 604 935 680 ἐπίβαςιν,
966 604 984 679 ἢ
1006 605 1153 682 πάροδον
1175 604 1194 680 ἢ
1216 603 1392 682 παρόβυςιν,
1411 606 1423 678 ἡ
1434 625 1441 655 τ

222 735 225 741 ·
309 711 417 776 ἄλλως
440 732 510 775 πως
534 713 694 790 ςημαίνων
716 712 813 776 ταύτό
835 751 875 758 ——
900 712 1039 776 εἰςελθόν
1070 712 1129 776 οὖν
1158 714 1208 775 καὶ
1228 716 1370 791 παραβὰν
1393 713 1425 775 εἰς
1473 753 1474 790 γ

308 823 367 900 τὴν
394 823 571 900 όρχήςτραν
600 827 697 886 τοῦτο
727 823 764 886 τὸ
794 824 929 900 ςύςτημα
950 825 1026 896 πᾶν,
1055 823 1073 885 ὃ
1097 823 1147 885 καὶ
1173 823 1271 900 χορὸς
1294 823 1425 885 ἐκαλεῖτο.

309 932 391 1010 πρὸς
413 933 489 994 τοὺς
512 932 684 1010 ὑποκριτὰς
707 933 824 1006 λόγους
846 931 1053 1009 ποιούμενον,
1076 932 1113 994 τὸ
1128 933 1304 1009 πρόςωπον
1328 933 1425 1008 βλέπον

309 1041 376 1120 εἶχε
398 1042 480 1118 πρὸς
502 1042 560 1119 τὴν
584 1043 713 1118 ςκηνήν·
737 1042 934 1106 ἐξελθόντων
958 1043 993 1104 δὲ
1015 1045 1081 1104 τῶν
1103 1041 1284 1120 ὑποκριτῶν
1307 1043 1381 1118 πρὸς
1399 1042 1426 1103 τό

309 1153 366 1212 τοὺ
397 1151 497 1227 δήμου
525 1151 620 1227 μέρος
651 1151 834 1230 ἐςτρέφετο,
865 1151 944 1226 ἢτὸ
970 1151 1074 1215 δεξιὸν
1098 1152 1116 1228 ἢ
1138 1152 1174 1214 τό
1198 1149 1371 1228 ἀριςτερόν,
1390 1152 1450 1212 κοίἸΙ

311 1260 406 1323 πάλιν
431 1259 662 1338 ἀντεςτρέφετο
686 1261 766 1338 πρὸς
789 1261 827 1324 τό
851 1261 962 1338 ἕτερον
979 1261 1027 1322 καὶ
1051 1261 1140 1335 ἐλεγέ
1163 1281 1191 1323 τι
1206 1260 1364 1338 ἑκατέροις
1378 1264 1427 1322 τοί(

308 1369 443 1446 μέρεςιν,
472 1368 541 1430 εἶτα
567 1370 733 1446 ἐξήρχετο,
764 1369 812 1445 καὶ
835 1370 926 1433 τέλος
948 1369 986 1433 τὸ
1009 1373 1111 1447 δρᾶμα
1133 1370 1300 1449 ἐλάμβανε.
1343 1370 1427 1432 Ῐούτο

309 1480 365 1554 μὲν
383 1479 459 1554 ἦςαν
475 1481 628 1556 πρακτικὰ
640 1468 661 1541 ’δ
678 1475 753 1556 μέρη
769 1483 827 1542 τοὺ
843 1480 1018 1556 δράματος,
1035 1480 1052 1556 ἡ
1068 1480 1259 1558 παράβαςις,
1280 1480 1300 1556 ἡ
1316 1482 1428 1557 (τρυφὴ,

309 1587 563 1666 ἡάντίςτροφος
592 1589 641 1650 καὶ
671 1588 690 1664 ἡ
719 1588 847 1652 έξοδος·
876 1590 925 1652 καὶ
956 1590 1066 1664 λογικὰ
1094 1591 1170 1666 μέρη
1194 1578 1342 1666 αύτῆςδ,
1363 1589 1428 1652 ἀντι-

309 1697 482 1776 παρύβαςις
513 1698 613 1774 ἤγουν
641 1699 793 1774 πρώτως,
823 1700 981 1775 δευτέρως
1010 1699 1188 1777 πρόλογος,
1217 1700 1269 1762 καὶ
1298 1699 1363 1763 ἀντὶ
1387 1701 1442 1771 τῑμι

310 1811 450 1884 (τροφῆς
479 1809 528 1868 καί
555 1811 611 1883 τῆς
641 1806 854 1887 ἀντιςτρόφου
882 1808 975 1883 λόγια
1003 1810 1052 1870 καὶ
1079 1809 1164 1890 ᾡδὰς
1187 1811 1237 1871 καὶ
1260 1808 1427 1888 ἀντφδὰςίγ
1473 1889 1474 1914 1

308 1916 506 1994 ἐπιρρήματα
534 1918 582 1979 καὶ
611 1917 865 1994 ἀντεπιρρήματα
893 1917 1011 1990 εἴποις,
1046 1919 1085 1980 οὑ
1114 1918 1319 1995 διαμάχομαι·
1352 1914 1428 1986 καὶὴ
1473 1959 1474 1964 1

273 2097 276 2103 Ι
310 2023 421 2087 ἔξοδος
443 2026 463 2100 ἡ
487 2027 552 2107 ᾡδὴ
577 2027 625 2088 καὶ
647 2027 685 2089 τὸ
709 2027 791 2104 ῥῆμα
806 2030 864 2090 τοὺ
887 2027 1047 2104 δράματος
1067 2029 1104 2090 τό
1125 2028 1352 2092 έπιτελεύτιον.
1373 2026 1427 2088 ὑοί

308 2133 435 2210 αἰθέριοι
459 2137 507 2196 καὶ
530 2135 791 2213 ούρανοβάμονες
812 2138 963 2201 λαλοὺςιν
986 2135 1092 2213 ὥςπερ
1115 2139 1280 2201 λαλοὺςιν·
1304 2137 1386 2214 ἔχετε
1404 2135 1429 2195 δέ
1473 2189 1474 2226 ,

307 2246 474 2324 ταῦτατῷ
498 2243 620 2308 ἐαθέντι
643 2266 693 2321 μοι
717 2247 891 2326 προοιμίῳ,
920 2245 1001 2307 ἀλλὰ
1024 2247 1145 2323 μακρὰν
1174 2246 1284 2310 αὐτῶν
1314 2245 1451 2320 ἀποτρέ-ν

308 2372 411 2428 χοιτε,
435 2354 474 2429 μὴ
497 2355 547 2415 καί
570 2354 667 2415 ἀκοὰς
692 2353 781 2431 ὑμῶν
804 2355 852 2416 καὶ
876 2356 981 2432 ψυχὰς
1005 2354 1217 2432 λυμανθείητε,
1263 2356 1368 2419 Ταῦτα
1387 2355 1428 2429 μὲν

307 2463 345 2525 τὰ
368 2467 385 2525 δ
408 2463 486 2539 μέρη
510 2467 687 2541 πρακτικῶς
708 2484 742 2526 τε
765 2465 814 2526 καὶ
837 2467 972 2538 λογικῶς
995 2467 1061 2528 τῶν
1084 2468 1285 2541 δραματικῶν
1316 2464 1428 2539 ποιημά-

306 2592 372 2634 των
401 2571 558 2648 ὑπῆρχεν·
587 2577 652 2633 τῶν
681 2574 716 2634 δέ
744 2575 881 2650 λυρικῶν
912 2574 1161 2651 ςυγγραμμάτων
1197 2574 1269 2652 τρία
1299 2573 1374 2650 ἦςαν
1402 2573 1429 2632 τὰ

308 2681 400 2757 μέρη,
429 2681 603 2757 ςτροφικόν
632 2682 680 2743 καὶ
709 2680 953 2760 ἀντιςτροφικόν
982 2682 1088 2757 λόγια,
1123 2683 1276 2761 ἑκάτερον
1308 2683 1428 2760 ἑκατέρω

306 2788 483 2866 ἰςαρίθμους
511 2789 587 2866 έχον
616 2791 691 2852 τοὺς
719 2792 858 2869 ςτίχους,
886 2793 936 2854 καὶ
964 2793 1088 2869 μέτρων
1115 2797 1182 2855 τῶν
1210 2793 1339 2857 αὐτῶν·
1366 2793 1452 2869 πρόςἶγῖι

306 2900 373 2960 τοῖς
396 2902 578 2977 ςτροφικοῑς
601 2901 635 2961 δὲ
658 2901 706 2960 καὶ
731 2899 983 2979 ἀντιςτροφικοῑς
1005 2902 1111 2979 τρίτον
1133 2901 1173 2978 ἦν
1196 2904 1294 2980 μέρος
1311 2905 1347 2967 τό
1364 2903 1430 2982 ἐπιμ-

307 3007 395 3069 δικὸν
420 3007 541 3081 λόγιον,
564 3007 742 3085 ὁμωνύμως
766 3011 928 3073 καὶταῦτα
950 3011 1106 3087 λεγόμενα
1127 3015 1193 3075 τοῖς
1220 3013 1349 3088 ἑαυτῶν
1368 3030 1430 3088 προ·

307 3120 438 3192 κτικοῑς,
460 3123 496 3198 τῇ
519 3138 553 3180 τε
576 3125 698 3200 (τροφῇ
729 3120 778 3181 καὶ
807 3120 1008 3202 ἀντιςτρόφιμ
1032 3121 1080 3183 καὶ
1103 3124 1220 3204 ἐπῳδῶ
1245 3123 1320 3200 ἤτοι
1346 3123 1430 3185 ἐξόδου

306 3225 355 3286 καὶ
378 3226 529 3288 ἐξελεύςει
544 3229 593 3290 καί
609 3228 759 3308 ἐπιλόγῳ,
798 3229 851 3290 Καὶ
867 3231 927 3306 γὰρ
947 3231 995 3291 καί
1012 3231 1042 3292 οἱ
1058 3232 1176 3308 λυρικοὶ
1192 3233 1277 3308 πρὸς
1293 3233 1430 3307 ἑκάτερον

305 3335 400 3412 μέρος
427 3339 486 3397 τοὺ
514 3337 614 3412 δήμου
638 3338 778 3413 ὁρῶντες
802 3339 1001 3416 ἐφθέγγοντο
1025 3341 1064 3402 τὰ
1085 3341 1259 3417 ποιήματα,
1290 3343 1342 3404 καί
1363 3345 1451 3404 τέλει-Ι

240 3447 362 3506 κοντοῦ
390 3445 549 3522 δράματος
576 3448 751 3521 μέλλοντος
781 3448 932 3512 παύεςθαι
955 3450 1011 3510 τὸν
1037 3449 1166 3530 ἐπιμδόν
1190 3451 1431 3530 ἐπεφθέγγοντο.

305 3554 373 3630 ἤτοι
407 3557 465 3631 τὴν
499 3555 631 3631 ὑςτέραν
667 3557 753 3636 ᾡδίγν
786 3578 819 3619 τε
848 3558 982 3621 καὶτὸν
1012 3557 1175 3634 ἐπίλογον,
1206 3559 1250 3623 εἰς
1282 3561 1381 3638 εύχὰς
1404 3559 1432 3618 τό

306 3664 452 3726 πλεῑςτον
482 3664 579 3726 αὑτὸν
609 3665 847 3740 περικλείοντες.
892 3667 1070 3744 Προοίμιον
1100 3669 1134 3729 δέ
1162 3669 1290 3733 τούτοις
1316 3670 1374 3734 οὑκ
1394 3667 1431 3742 ἦν.

305 3769 349 3832 ὑις
377 3771 524 3845 ἐκείνοις,
554 3772 602 3834 ότι
631 3773 693 3850 ἅμα
721 3781 766 3855 τῶ
798 3775 944 3838 είςελθεῑν
973 3776 1015 3838 εἰς
1044 3778 1080 3840 τό
1109 3778 1245 3855 θέατρον
1276 3781 1361 3856 πρὸς
1387 3777 1431 3838 τόν

371 4061 375 4127 Ι
384 4069 421 4113 λθ.
446 4063 609 4127 ἐςτρέφετο,
635 4075 687 4116 ιιοιι
712 4069 815 4134 ἐςτέφ,,
839 4070 909 4136 κοιλ]
1004 4071 1040 4124 17.
1065 4069 1137 4122 ιλιιίυ
1162 4071 1204 4122 καί
1229 4067 1323 4138 prius,
1347 4089 1361 4123 τι
1385 4087 1428 4134 ‘'1¹¹“

303 4165 373 4203 ιιυιίι
391 4153 494 4218 lumnam
512 4154 619 4206 ίιιίίίιιιυ
639 4159 724 4225 valuit,
749 4161 865 4212 ιιλίιυίιιιι
887 4166 929 4213 καὶ
950 4163 975 4213 in
995 4165 1120 4216 οιιίιυιιιιι
1138 4165 1225 4214 altera
1250 4165 1358 4230 fagina
1376 4160 1420 4213 ιιιίύ

303 4241 361 4294 τού.
415 4251 454 4296 27.
469 4248 628 4311 ιὺμονύμως
648 4251 706 4302 κοιλ,
760 4261 800 4304 ,λιι
815 4259 866 4304 τοὺ
886 4256 1121 4321 δίγμουλούδαμοὺ
1141 4255 1199 4308 τού.
1257 4258 1292 4322 [1.
1308 4256 1420 4320 ἐπεφθὲι

301 4351 400 4396 γοντο,
420 4354 473 4388 που
493 4339 634 4403 ἐφθ.,ιόιί.λ
