2982 5146
309 372 355 417 ns
380 371 471 418 sian.
497 371 600 418 anax.
624 371 668 418 ar
691 371 905 421 crasmaro.
1119 357 1178 420 139

45 527 211 605 ἀνώνυμον
239 526 403 609 γένοῑῆ),
427 532 483 588 aut
512 526 617 608 epicos
641 547 712 589 cum
739 525 846 609 lyricis
875 549 893 588 a
922 525 1083 588 Zenodoto
1113 548 1176 590 nou

47 641 296 716 τυναθροιτθῆναι
323 637 373 699 vel
394 639 617 715 τυλλεχθῆναι,
640 657 700 700 nec
721 639 941 715 διαταχθῆναι,
965 637 1020 700 sad
1042 641 1177 716 διορθω-

47 751 130 826 θὴνοι
150 745 239 818 dicit.
271 745 319 809 Ae
341 750 560 826 διορθοῡτθαι,
583 746 633 809 vel
656 745 753 809 etiam
775 751 945 828 διορθοῦν,
970 745 1029 808 etsi
1052 746 1177 830 origine

48 879 97 920 sua
124 857 218 920 latius
245 860 351 940 patet,
387 859 495 920 tamen
529 856 562 920 in
595 855 655 920 hoc
687 877 805 940 genere
838 855 913 939 quid
943 856 1062 935 relocet,
1099 857 1178 920 satis

50 966 133 1030 hodie
154 967 353 1051 exploratum
376 970 438 1032 est:
461 989 521 1030 nec
544 966 629 1030 enim
652 965 736 1030 aliud
760 966 928 1050 quicquam
951 966 1012 1030 nisi
1034 967 1177 1030 criticam

49 1098 166 1159 operam
181 1076 452 1140 emendandorum
467 1077 657 1160 scriptorum
673 1077 901 1160 exemplarium
916 1099 1057 1160 unquam
1078 1077 1177 1161 signi·
1198 1089 1228 1135 lo

49 1187 125 1250 licat.
168 1187 257 1262 Quod
286 1186 412 1272 quidem
440 1187 564 1270 plenius
591 1187 687 1250 etiarn
714 1209 809 1270 quam
832 1209 848 1251 e
872 1187 1041 1250 Wolfianis
1071 1185 1175 1250 Prole·

49 1299 180 1380 gomcnis
207 1297 259 1361 vel
282 1319 299 1362 e
322 1298 472 1362 lobeclrii
500 1297 535 1361 in
562 1297 682 1381 Phryn.
707 1320 737 1380 p.
761 1297 825 1362 250
853 1319 899 1382 sq.
929 1303 961 1360 et
989 1296 1114 1362 Sallieri
1142 1296 1176 1360 in

52 1401 152 1472 Thoni.
169 1407 255 1492 Mag.
274 1429 305 1491 p.
322 1407 381 1471 241
400 1431 447 1492 sq.
464 1407 735 1490 adnotationibus,
755 1429 792 1470 ex
809 1407 908 1490 ipsius
924 1405 1003 1470 artis
1018 1427 1176 1490 gramma-

50 1518 123 1582 ticae
158 1523 263 1582 vetere
301 1519 475 1602 partitione
508 1519 708 1602 intellegitur
744 1518 778 1581 in
813 1517 949 1580 Beklrcri
985 1517 1106 1581 Aneod.
1144 1517 1176 1581 ΙΙ

50 1649 77 1710 ρ.
98 1629 165 1693 659.
188 1629 248 1693 671
280 1633 312 1692 et
340 1628 389 1692 hia
417 1627 618 1712 potissimum
646 1651 678 1712 p.
703 1630 765 1692 736
795 1627 922 1711 positis:
953 1629 972 1692 δ
1000 1631 1177 1710 διορθωτὴτ

50 1740 206 1818 λαμβάνων
222 1741 261 1805 τὸ
278 1741 399 1820 βιβλίον
415 1743 598 1819 διορθοῦται
611 1740 703 1814 αὐτό,
726 1739 781 1804 ἵνα
802 1741 843 1819 μὴ
866 1739 1075 1818 ἐπτοιεμένον
1098 1739 1177 1804 αὐτὸ

50 1847 198 1925 ἀναγνοὺς
212 1851 231 1915 δ
247 1851 324 1916 νέοι
342 1849 385 1914 εἰ(
408 1851 507 1929 κακὴν
529 1850 593 1916 ἕξιν
616 1849 748 1933 ἐμπέτῃτ
771 1847 856 1912 unde
878 1871 935 1912 sua
955 1847 1061 1912 hausit
1076 1848 1177 1913 Theo-

51 1958 144 2022 dosius
164 1959 212 2023 vel
244 1960 351 2044 potius
374 1957 557 2032 Theodorus
581 1959 772 2044 Goeltlingii
801 1981 833 2043 p.
857 1959 908 2022 32.
954 1957 1046 2022 Adde
1075 1957 1175 2022 Bekk.

52 2090 76 2150 p.
98 2069 170 2133 689:
198 2072 280 2136 κατὰ
301 2071 363 2150 γὰρ
385 2075 503 2137 τοῦτον
526 2069 585 2136 τὸν
609 2071 709 2145 λόγον
732 2071 781 2135 καί
803 2071 822 2135 δ
846 2069 952 2149 εὑρὼν
974 2070 1176 2149 ἐτφαλμένον

52 2179 158 2258 βιβλίον
174 2182 231 2246 οὐκ
249 2182 375 2261 ὀφείλει
396 2185 494 2246 τοῦτο
516 2183 718 2260 διορθοίιιθαι
740 2181 792 2244 καί
812 2181 895 2247 ξὲειν
917 2181 956 2244 τὰ
976 2184 1080 2245 κακῶς
1102 2201 1177 2260 γρα-

52 2288 155 2366 φέντα,
177 2292 244 2356 ἀλλ’
269 2293 328 2356 ἐᾶν
350 2291 550 2372 ἀδιόρθωτον
566 2311 593 2354 e.
618 2313 648 2375 q.
673 2313 699 2354 s.
737 2289 826 2366 Quod
844 2291 915 2354 c'um
938 2289 984 2353 ita
1005 2290 1062 2372 sit,
1088 2293 1177 2372 puta

53 2397 180 2464 bimusne
195 2402 423 2482 διωρθώταντο
444 2400 522 2464 illud
537 2401 635 2464 etiarn
651 2423 669 2464 a
685 2399 835 2464 Plautino
854 2399 1027 2464 scholiasta
1049 2399 1177 2480 lectura,

53 2508 172 2574 sednon
193 2511 395 2576 intellectum
410 2533 494 2593 esse,
519 2513 552 2574 et
573 2511 655 2595 (parad
678 2510 717 2574 de
734 2510 884 2574 correctis
899 2511 997 2573 trium
1019 2527 1177 2594 gramma-

53 2617 171 2684 ticorum
193 2622 299 2686 studio
328 2625 493 2704 poetarum
522 2621 611 2686 libris
634 2641 768 2706 maccus
791 2624 902 2686 auctor
929 2624 1107 2703 narrasset,
1138 2619 1178 2684 ad

55 2729 171 2794 collecta
192 2732 225 2796 in
248 2753 348 2796 unum
371 2734 404 2796 et
425 2732 460 2796 in
475 2731 619 2796 ordinem
634 2731 764 2796 redacta
788 2731 1000 2795 bibliothecae
1016 2730 1178 2795 volumina

55 2859 111 2902 csse
131 2843 344 2906 translatum?
387 2841 462 2906 Non
484 2842 659 2906 diffitemur
681 2841 713 2905 id
737 2842 782 2906 ita
806 2842 946 2924 potuisse
968 2841 1047 2904 fieri.
1093 2841 1177 2905 Nam

55 2949 137 3012 etiam
157 2952 356 3016 doctissimus
384 2974 442 3036 pro
468 2953 530 3017 ista
553 2955 659 3016 aetate
687 2952 781 3016 bomo
803 2951 903 3016 Lilius
926 2951 1083 3035 Gyraldus
1108 2973 1178 3014 cum

55 3056 205 3126 Poetarum
226 3063 304 3126 hist.
320 3062 369 3126 ΙΙΙ
392 3085 424 3146 p.
447 3063 510 3126 362
533 3063 578 3126 sic
601 3062 727 3126 scribit:
754 3067 866 3128 Scribit
884 3065 1065 3142 Theophilus
1087 3082 1177 3140 qrae-

54 3189 98 3231 τοι
123 3181 338 3248 ρναννιιαίίοιιε
365 3173 410 3258 (ί)
441 3178 627 3238 Zenodotum
654 3177 781 3238 Homeri
812 3195 914 3238 versos
947 3179 983 3236 in
1012 3177 1178 3236 ordinem

56 3285 231 3359 redonicae
252 3305 281 3348 e.
306 3306 336 3368 q.
360 3307 398 3366 a,
423 3305 487 3348 non
510 3283 635 3346 videtur
657 3281 742 3347 aliud
765 3305 861 3367 quam
882 3284 1087 3362 διωρθώτατο
1111 3303 1178 3346 vcr-

56 3385 118 3452 bum
137 3392 318 3457 reddidisse.
363 3393 561 3477 Quamquam
588 3392 662 3457 huic
685 3393 811 3477 quidm
840 3391 1041 3456 similitudini
1065 3413 1178 3457 caven-

56 3496 118 3561 dmn
132 3505 237 3567 estne
259 3503 394 3568 nimium
414 3503 548 3567 tribuas.
592 3501 737 3567 Indidem
753 3503 839 3567 enim
862 3503 1019 3588 proficisci
1040 3501 1068 3566 ei
1091 3502 1176 3582 licet,

56 3607 101 3688 qui
120 3608 332 3677 demonstrare
349 3614 544 3678 contrarium
567 3613 784 3696 aggrediatur.
830 3613 914 3676 Nam
937 3613 975 3676 de
998 3611 1177 3676 Homericis

58 3719 232 3786 canninibus
255 3723 367 3788 eadem
388 3723 546 3804 referens,
570 3745 650 3806 quae
673 3728 831 3790 (υνθεῑναι
845 3723 942 3788 verbo
965 3745 1039 3786 usus
1061 3721 1177 3786 Taetza

58 3822 144 3912 drag.
166 3853 195 3914 p.
219 3833 271 3915 46,
296 3833 342 3897 sic
364 3833 449 3896 idem
476 3831 530 3896 ille
558 3832 716 3915 Gyraldus
746 3833 884 3917 loquitur
906 3832 938 3896 ll
962 3856 992 3916 p.
1016 3835 1095 3898 213:
1126 3842 1179 3914 qui

68 4008 230 4022 ''Q-

115 4116 137 4180 *ρ
159 4117 276 4188 [Scripta
306 4119 375 4174 haec
404 4123 495 4186 orant,
525 4139 587 4174 curn
610 4137 627 4174 a
650 4119 798 4189 Spengelio
822 4121 877 4174 vidi
907 4121 934 4174 in
952 4121 1066 4188 Eplrcm.
1091 4119 1175 4176 litter.

60 4201 150 4262 lionae.
163 4227 186 4264 a.
200 4217 311 4266 1840111.
327 4211 375 4265 lul.
389 4231 415 4281 p.
430 4219 462 4266 a?
474 4215 636 4268 ἐποποιικά(
654 4213 771 4282 proponi
785 4231 835 4282 pro
855 4215 1000 4282 ποιητικοί(
1014 4231 1037 4266 v.
1051 4219 1092 4266 tia.
1117 4213 1176 4278 Quo

60 4311 106 4349 nou
122 4317 185 4368 opus
202 4307 256 4368 est,
279 4305 415 4373 siquidem
433 4305 524 4374 ipsum
541 4305 608 4359 illud
628 4309 771 4374 ποιητικός
789 4324 840 4376 pro
858 4307 953 4360 ἐπικόι
971 4306 1073 4360 Tzctza
1091 4307 1177 4361 etiamr
1255 4337 1261 4344 ·

61 4387 116 4442 tlibi
125 4395 219 4460 posuit.
237 4400 295 4463 (Ex
307 4403 441 4453 Addendis
452 4419 480 4467 ρ.
489 4404 543 4466 55.)
561 4431 593 4440 -
610 4399 687 4454 Adde
700 4400 877 4454 Welckermn
889 4399 964 4468 Cycli
976 4418 1019 4469 ep.
1034 4399 1057 4454 ll
1071 4419 1096 4470 p.
1107 4401 1177 4467 4541
