<?xml version="1.0" encoding="UTF-8"?>
<!DOCTYPE html PUBLIC "-//W3C//DTD XHTML 1.0 Transitional//EN"
    "http://www.w3.org/TR/xhtml1/DTD/xhtml1-transitional.dtd">
<html xmlns="http://www.w3.org/1999/xhtml" xml:lang="en" lang="en">
 <head>
  <title>
</title>
<meta http-equiv="Content-Type" content="text/html;charset=utf-8" />
  <meta name='ocr-system' content='tesseract 3.04.00' />
  <meta name='ocr-capabilities' content='ocr_page ocr_carea ocr_par ocr_line ocrx_word'/>
</head>
<body>
  <div class='ocr_page' id='page_1' title='image "./fridericiritsch04ritsgoog_0491.png"; bbox 0 0 2952 5132; ppageno 0'>
   <div class='ocr_carea' id='block_1_1' title="bbox 280 317 962 385">
    <p class='ocr_par' dir='ltr' id='par_1_1' title="bbox 280 317 962 385">
     <span class='ocr_line' id='line_1_1' title="bbox 280 317 962 385; baseline 0.003 -2"><span class='ocrx_word' id='word_1_1' title='bbox 280 317 344 382; x_wconf 82' lang='grc'>464</span> <span class='ocrx_word' id='word_1_2' title='bbox 745 333 792 382; x_wconf 82' lang='lat' dir='ltr'>ns</span> <span class='ocrx_word' id='word_1_3' title='bbox 814 333 962 385; x_wconf 76' lang='lat' dir='ltr'>nlasrrs</span> 
     </span>
    </p>
   </div>
   <div class='ocr_carea' id='block_1_2' title="bbox 196 487 1445 3662">
    <p class='ocr_par' dir='ltr' id='par_1_2' title="bbox 196 487 1445 3662">
     <span class='ocr_line' id='line_1_2' title="bbox 281 487 1262 577; baseline 0.007 -28"><span class='ocrx_word' id='word_1_4' title='bbox 281 487 416 550; x_wconf 90' lang='lat' dir='ltr'>ticorum</span> <span class='ocrx_word' id='word_1_5' title='bbox 439 487 659 550; x_wconf 73' lang='lat' dir='ltr'>notatiuncula</span> <span class='ocrx_word' id='word_1_6' title='bbox 682 487 747 551; x_wconf 90' lang='lat' dir='ltr'>eius</span> <span class='ocrx_word' id='word_1_7' title='bbox 771 510 841 551; x_wconf 89' lang='lat' dir='ltr'>cum</span> <span class='ocrx_word' id='word_1_8' title='bbox 859 489 1074 555; x_wconf 76' lang='lat' dir='ltr'>Macedonicis</span> <span class='ocrx_word' id='word_1_9' title='bbox 1096 493 1262 577; x_wconf 72' lang='lat' dir='ltr'>antiquitat</span> 
     </span>
     <span class='ocr_line' id='line_1_3' title="bbox 283 598 1258 681; baseline 0.009 -20"><span class='ocrx_word' id='word_1_10' title='bbox 283 598 440 662; x_wconf 87' lang='lat' dir='ltr'>cessitudo</span> <span class='ocrx_word' id='word_1_11' title='bbox 472 598 725 661; x_wconf 79' lang='lat' dir='ltr'>monstraretur?</span> <span class='ocrx_word' id='word_1_12' title='bbox 760 599 829 681; x_wconf 90' lang='lat' dir='ltr'>quis</span> <span class='ocrx_word' id='word_1_13' title='bbox 863 601 949 663; x_wconf 85' lang='lat' dir='ltr'>velut</span> <span class='ocrx_word' id='word_1_14' title='bbox 980 603 1120 668; x_wconf 80' lang='grc' dir='ltr'>τελεειά(</span> <span class='ocrx_word' id='word_1_15' title='bbox 1147 626 1258 670; x_wconf 83' lang='lat' dir='ltr'>nomer¹</span> 
     </span>
     <span class='ocr_line' id='line_1_4' title="bbox 282 684 1436 794; baseline 0.008 -23"><span class='ocrx_word' id='word_1_16' title='bbox 282 684 1436 794; x_wconf 36' lang='lat' dir='ltr'>mfflwfflmmmmwmmmffiM„”&#39;</span> 
     </span>
     <span class='ocr_line' id='line_1_5' title="bbox 282 817 1250 910; baseline 0.005 -28"><span class='ocrx_word' id='word_1_17' title='bbox 282 819 372 882; x_wconf 89' lang='lat' dir='ltr'>libris</span> <span class='ocrx_word' id='word_1_18' title='bbox 395 820 549 882; x_wconf 85' lang='lat' dir='ltr'>insertum</span> <span class='ocrx_word' id='word_1_19' title='bbox 571 818 693 881; x_wconf 76' lang='lat' dir='ltr'>fuisse?</span> <span class='ocrx_word' id='word_1_20' title='bbox 741 817 812 898; x_wconf 82' lang='lat' dir='ltr'>Sed</span> <span class='ocrx_word' id='word_1_21' title='bbox 829 821 937 882; x_wconf 89' lang='lat' dir='ltr'>tamen</span> <span class='ocrx_word' id='word_1_22' title='bbox 959 824 994 883; x_wconf 89' lang='lat' dir='ltr'>ut</span> <span class='ocrx_word' id='word_1_23' title='bbox 1017 843 1055 884; x_wconf 88' lang='lat' dir='ltr'>cx</span> <span class='ocrx_word' id='word_1_24' title='bbox 1083 822 1132 885; x_wconf 89' lang='lat' dir='ltr'>his</span> <span class='ocrx_word' id='word_1_25' title='bbox 1160 823 1250 910; x_wconf 76' lang='lat' dir='ltr'>largi.</span> 
     </span>
     <span class='ocr_line' id='line_1_6' title="bbox 283 919 1312 1015; baseline 0.007 -21"><span class='ocrx_word' id='word_1_26' title='bbox 283 951 349 994; x_wconf 91' lang='lat' dir='ltr'>non</span> <span class='ocrx_word' id='word_1_27' title='bbox 371 929 513 992; x_wconf 84' lang='lat' dir='ltr'>hausisse</span> <span class='ocrx_word' id='word_1_28' title='bbox 532 929 750 1009; x_wconf 79' lang='lat' dir='ltr'>Athenaeum,</span> <span class='ocrx_word' id='word_1_29' title='bbox 774 929 936 1012; x_wconf 87' lang='lat' dir='ltr'>Marsyam</span> <span class='ocrx_word' id='word_1_30' title='bbox 957 935 1117 995; x_wconf 88' lang='lat' dir='ltr'>memento</span> <span class='ocrx_word' id='word_1_31' title='bbox 1139 935 1232 1015; x_wconf 85' lang='grc' dir='ltr'>ἕτερά</span> <span class='ocrx_word' id='word_1_32' title='bbox 1300 919 1312 924; x_wconf 47' lang='grc'><em>“</em></span> 
     </span>
     <span class='ocr_line' id='line_1_7' title="bbox 282 1038 1356 1122; baseline 0.003 -17"><span class='ocrx_word' id='word_1_33' title='bbox 282 1045 338 1120; x_wconf 70' lang='grc' dir='ltr'>τῆς</span> <span class='ocrx_word' id='word_1_34' title='bbox 361 1040 439 1105; x_wconf 83' lang='lat' dir='ltr'>lblac</span> <span class='ocrx_word' id='word_1_35' title='bbox 462 1040 594 1120; x_wconf 81' lang='grc' dir='ltr'>πατρία(</span> <span class='ocrx_word' id='word_1_36' title='bbox 618 1038 751 1101; x_wconf 87' lang='lat' dir='ltr'>edidisse</span> <span class='ocrx_word' id='word_1_37' title='bbox 773 1038 808 1101; x_wconf 91' lang='lat' dir='ltr'>in</span> <span class='ocrx_word' id='word_1_38' title='bbox 821 1040 926 1122; x_wconf 88' lang='lat' dir='ltr'>eisque</span> <span class='ocrx_word' id='word_1_39' title='bbox 948 1039 1083 1105; x_wconf 86' lang='lat' dir='ltr'>fortasse</span> <span class='ocrx_word' id='word_1_40' title='bbox 1105 1042 1243 1108; x_wconf 75' lang='lat' dir='ltr'>demur:</span> <span class='ocrx_word' id='word_1_41' title='bbox 1343 1046 1356 1054; x_wconf 85' lang='grc'><strong>“</strong></span> 
     </span>
     <span class='ocr_line' id='line_1_8' title="bbox 283 1147 1237 1234; baseline 0.004 -20"><span class='ocrx_word' id='word_1_42' title='bbox 283 1151 401 1214; x_wconf 88' lang='lat' dir='ltr'>tutisve</span> <span class='ocrx_word' id='word_1_43' title='bbox 424 1149 612 1234; x_wconf 89' lang='lat' dir='ltr'>quibusdam</span> <span class='ocrx_word' id='word_1_44' title='bbox 634 1147 844 1212; x_wconf 87' lang='lat' dir='ltr'>Macedonum</span> <span class='ocrx_word' id='word_1_45' title='bbox 871 1149 1073 1215; x_wconf 86' lang='lat' dir='ltr'>miscellaneo</span> <span class='ocrx_word' id='word_1_46' title='bbox 1100 1152 1155 1216; x_wconf 94' lang='lat' dir='ltr'>illo</span> <span class='ocrx_word' id='word_1_47' title='bbox 1183 1176 1237 1218; x_wconf 86' lang='lat' dir='ltr'>con</span> 
     </span>
     <span class='ocr_line' id='line_1_9' title="bbox 283 1259 1445 1348; baseline 0.003 -24"><span class='ocrx_word' id='word_1_48' title='bbox 283 1283 401 1346; x_wconf 85' lang='lat' dir='ltr'>genere</span> <span class='ocrx_word' id='word_1_49' title='bbox 423 1282 614 1346; x_wconf 86' lang='lat' dir='ltr'>quamquam</span> <span class='ocrx_word' id='word_1_50' title='bbox 636 1281 701 1323; x_wconf 91' lang='lat' dir='ltr'>non</span> <span class='ocrx_word' id='word_1_51' title='bbox 724 1259 966 1342; x_wconf 88' lang='lat' dir='ltr'>grammaticum</span> <span class='ocrx_word' id='word_1_52' title='bbox 989 1262 1185 1348; x_wconf 85' lang='lat' dir='ltr'>exposuisse,</span> <span class='ocrx_word' id='word_1_53' title='bbox 1210 1261 1235 1328; x_wconf 65' lang='lat' dir='ltr'>cz</span> <span class='ocrx_word' id='word_1_54' title='bbox 1330 1277 1342 1284; x_wconf 86' lang='grc'><em>“</em></span> <span class='ocrx_word' id='word_1_55' title='bbox 1440 1273 1445 1282; x_wconf 77' lang='grc'><strong>“</strong></span> 
     </span>
     <span class='ocr_line' id='line_1_10' title="bbox 282 1369 1232 1455; baseline 0.004 -21"><span class='ocrx_word' id='word_1_56' title='bbox 282 1376 367 1436; x_wconf 86' lang='lat' dir='ltr'>tores</span> <span class='ocrx_word' id='word_1_57' title='bbox 397 1371 525 1454; x_wconf 89' lang='lat' dir='ltr'>plurimi</span> <span class='ocrx_word' id='word_1_58' title='bbox 556 1392 593 1433; x_wconf 86' lang='lat' dir='ltr'>ex</span> <span class='ocrx_word' id='word_1_59' title='bbox 621 1369 899 1453; x_wconf 87' lang='lat' dir='ltr'>peripateticorum</span> <span class='ocrx_word' id='word_1_60' title='bbox 933 1370 1048 1434; x_wconf 86' lang='lat' dir='ltr'>scholis</span> <span class='ocrx_word' id='word_1_61' title='bbox 1075 1373 1232 1455; x_wconf 75' lang='lat' dir='ltr'>prodiero</span> 
     </span>
     <span class='ocr_line' id='line_1_11' title="bbox 284 1459 1338 1563; baseline 0.004 -18"><span class='ocrx_word' id='word_1_62' title='bbox 284 1482 498 1546; x_wconf 89' lang='lat' dir='ltr'>Macedonicis</span> <span class='ocrx_word' id='word_1_63' title='bbox 525 1480 740 1563; x_wconf 89' lang='lat' dir='ltr'>Philippensis</span> <span class='ocrx_word' id='word_1_64' title='bbox 769 1479 831 1542; x_wconf 88' lang='lat' dir='ltr'>tria</span> <span class='ocrx_word' id='word_1_65' title='bbox 854 1480 1011 1544; x_wconf 86' lang='lat' dir='ltr'>Athenaei</span> <span class='ocrx_word' id='word_1_66' title='bbox 1039 1459 1222 1549; x_wconf 83' lang='lat' dir='ltr'>testimonia</span> <span class='ocrx_word' id='word_1_67' title='bbox 1328 1507 1338 1514; x_wconf 86' lang='lat'><strong>·</strong></span> 
     </span>
     <span class='ocr_line' id='line_1_12' title="bbox 196 1589 1317 1678; baseline 0.001 -21"><span class='ocrx_word' id='word_1_68' title='bbox 196 1590 201 1600; x_wconf 89' lang='grc'><em>’</em></span> <span class='ocrx_word' id='word_1_69' title='bbox 285 1591 481 1664; x_wconf 88' lang='lat' dir='ltr'>confidenter</span> <span class='ocrx_word' id='word_1_70' title='bbox 502 1591 615 1654; x_wconf 90' lang='lat' dir='ltr'>tribuit</span> <span class='ocrx_word' id='word_1_71' title='bbox 631 1589 799 1653; x_wconf 89' lang='lat' dir='ltr'>Muellerus</span> <span class='ocrx_word' id='word_1_72' title='bbox 815 1612 846 1673; x_wconf 93' lang='lat' dir='ltr'>p.</span> <span class='ocrx_word' id='word_1_73' title='bbox 858 1591 909 1672; x_wconf 79' lang='lat'>46,</span> <span class='ocrx_word' id='word_1_74' title='bbox 927 1592 1178 1678; x_wconf 87' lang='lat' dir='ltr'>Archaeologiae</span> <span class='ocrx_word' id='word_1_75' title='bbox 1193 1593 1221 1658; x_wconf 92' lang='lat' dir='ltr'>A</span> <span class='ocrx_word' id='word_1_76' title='bbox 1309 1617 1317 1624; x_wconf 90' lang='lat'>·</span> 
     </span>
     <span class='ocr_line' id='line_1_13' title="bbox 284 1699 854 1787; baseline -0.005 -21"><span class='ocrx_word' id='word_1_77' title='bbox 284 1702 492 1786; x_wconf 90' lang='lat' dir='ltr'>Bernhardyo</span> <span class='ocrx_word' id='word_1_78' title='bbox 515 1701 646 1766; x_wconf 84' lang='lat' dir='ltr'>Geierus</span> <span class='ocrx_word' id='word_1_79' title='bbox 669 1724 700 1784; x_wconf 90' lang='lat' dir='ltr'>p.</span> <span class='ocrx_word' id='word_1_80' title='bbox 718 1700 779 1764; x_wconf 85' lang='grc'>338</span> <span class='ocrx_word' id='word_1_81' title='bbox 795 1699 854 1787; x_wconf 69' lang='lat' dir='ltr'>sep]</span> 
     </span>
     <span class='ocr_line' id='line_1_14' title="bbox 369 1811 1190 1898; baseline 0 -21"><span class='ocrx_word' id='word_1_82' title='bbox 369 1813 475 1898; x_wconf 87' lang='lat' dir='ltr'>(XIX.</span> <span class='ocrx_word' id='word_1_83' title='bbox 500 1811 579 1898; x_wconf 83' lang='lat' dir='ltr'>XX)</span> <span class='ocrx_word' id='word_1_84' title='bbox 616 1812 704 1874; x_wconf 90' lang='lat' dir='ltr'>Idem</span> <span class='ocrx_word' id='word_1_85' title='bbox 734 1811 838 1874; x_wconf 85' lang='lat' dir='ltr'>valere</span> <span class='ocrx_word' id='word_1_86' title='bbox 867 1811 927 1874; x_wconf 90' lang='lat' dir='ltr'>huc</span> <span class='ocrx_word' id='word_1_87' title='bbox 954 1815 1073 1895; x_wconf 87' lang='lat' dir='ltr'>potest,</span> <span class='ocrx_word' id='word_1_88' title='bbox 1108 1813 1190 1896; x_wconf 91' lang='lat' dir='ltr'>quod</span> 
     </span>
     <span class='ocr_line' id='line_1_15' title="bbox 283 1919 1211 1990; baseline -0.005 -1"><span class='ocrx_word' id='word_1_89' title='bbox 283 1931 412 1990; x_wconf 80' lang='lat' dir='ltr'>elenchis</span> <span class='ocrx_word' id='word_1_90' title='bbox 434 1935 590 1989; x_wconf 81' lang='lat' dir='ltr'>auctorum</span> <span class='ocrx_word' id='word_1_91' title='bbox 612 1933 806 1985; x_wconf 81' lang='lat' dir='ltr'>externorum</span> <span class='ocrx_word' id='word_1_92' title='bbox 833 1921 906 1983; x_wconf 88' lang='lat' dir='ltr'>libri</span> <span class='ocrx_word' id='word_1_93' title='bbox 929 1919 990 1984; x_wconf 87' lang='lat' dir='ltr'>XII</span> <span class='ocrx_word' id='word_1_94' title='bbox 1013 1925 1044 1985; x_wconf 89' lang='lat' dir='ltr'>ct</span> <span class='ocrx_word' id='word_1_95' title='bbox 1066 1922 1144 1986; x_wconf 82' lang='grc' dir='ltr'>ΧΙΠ</span> <span class='ocrx_word' id='word_1_96' title='bbox 1172 1923 1211 1988; x_wconf 90' lang='lat' dir='ltr'>N.</span> 
     </span>
     <span class='ocr_line' id='line_1_16' title="bbox 283 2031 1445 2118; baseline -0.004 -19"><span class='ocrx_word' id='word_1_97' title='bbox 283 2036 415 2118; x_wconf 82' lang='lat' dir='ltr'>storiae,</span> <span class='ocrx_word' id='word_1_98' title='bbox 445 2034 557 2118; x_wconf 90' lang='lat' dir='ltr'>quibus</span> <span class='ocrx_word' id='word_1_99' title='bbox 585 2033 674 2095; x_wconf 89' lang='lat' dir='ltr'>libris</span> <span class='ocrx_word' id='word_1_100' title='bbox 703 2031 878 2094; x_wconf 91' lang='lat' dir='ltr'>denatura</span> <span class='ocrx_word' id='word_1_101' title='bbox 906 2032 1051 2095; x_wconf 87' lang='lat' dir='ltr'>arborum</span> <span class='ocrx_word' id='word_1_102' title='bbox 1078 2034 1204 2118; x_wconf 83' lang='lat' dir='ltr'>peregri</span> <span class='ocrx_word' id='word_1_103' title='bbox 1244 2051 1254 2058; x_wconf 83' lang='lat'><em>·</em></span> <span class='ocrx_word' id='word_1_104' title='bbox 1354 2083 1373 2110; x_wconf 24' lang='grc' dir='ltr'>ἢ</span> <span class='ocrx_word' id='word_1_105' title='bbox 1397 2059 1409 2070; x_wconf 89' lang='grc'><em>·</em></span> <span class='ocrx_word' id='word_1_106' title='bbox 1436 2093 1445 2118; x_wconf 43' lang='grc'>,</span> 
     </span>
     <span class='ocr_line' id='line_1_17' title="bbox 283 2142 1199 2231; baseline -0.005 -20"><span class='ocrx_word' id='word_1_107' title='bbox 283 2151 346 2231; x_wconf 79' lang='lat' dir='ltr'>tur,</span> <span class='ocrx_word' id='word_1_108' title='bbox 370 2169 401 2229; x_wconf 95' lang='lat' dir='ltr'>p.</span> <span class='ocrx_word' id='word_1_109' title='bbox 419 2146 470 2210; x_wconf 84' lang='lat'>39.</span> <span class='ocrx_word' id='word_1_110' title='bbox 487 2145 525 2208; x_wconf 82' lang='lat'>41</span> <span class='ocrx_word' id='word_1_111' title='bbox 551 2143 619 2207; x_wconf 80' lang='lat' dir='ltr'>Sill.</span> <span class='ocrx_word' id='word_1_112' title='bbox 645 2148 821 2223; x_wconf 78' lang='lat' dir='ltr'>Marsyas</span> <span class='ocrx_word' id='word_1_113' title='bbox 843 2145 995 2205; x_wconf 83' lang='lat' dir='ltr'>Macedo</span> <span class='ocrx_word' id='word_1_114' title='bbox 1017 2142 1164 2224; x_wconf 86' lang='lat' dir='ltr'>ponitur:</span> <span class='ocrx_word' id='word_1_115' title='bbox 1190 2167 1199 2206; x_wconf 82' lang='lat' dir='ltr'>r</span> 
     </span>
     <span class='ocr_line' id='line_1_18' title="bbox 284 2250 1298 2343; baseline -0.008 -21"><span class='ocrx_word' id='word_1_116' title='bbox 284 2259 366 2343; x_wconf 90' lang='lat' dir='ltr'>quod</span> <span class='ocrx_word' id='word_1_117' title='bbox 403 2255 623 2339; x_wconf 85' lang='lat' dir='ltr'>amplectimur</span> <span class='ocrx_word' id='word_1_118' title='bbox 664 2252 829 2332; x_wconf 84' lang='lat' dir='ltr'>libentius,</span> <span class='ocrx_word' id='word_1_119' title='bbox 872 2250 903 2313; x_wconf 91' lang='lat' dir='ltr'>id</span> <span class='ocrx_word' id='word_1_120' title='bbox 939 2273 1038 2334; x_wconf 87' lang='lat' dir='ltr'>genus</span> <span class='ocrx_word' id='word_1_121' title='bbox 1081 2273 1185 2316; x_wconf 85' lang='lat' dir='ltr'>rerum</span> <span class='ocrx_word' id='word_1_122' title='bbox 1283 2303 1298 2314; x_wconf 73' lang='lat'>.</span> 
     </span>
     <span class='ocr_line' id='line_1_19' title="bbox 285 2361 1188 2444; baseline -0.008 -11"><span class='ocrx_word' id='word_1_123' title='bbox 285 2368 462 2433; x_wconf 83' lang='lat' dir='ltr'>Alexandri</span> <span class='ocrx_word' id='word_1_124' title='bbox 489 2366 533 2429; x_wconf 91' lang='lat' dir='ltr'>M.</span> <span class='ocrx_word' id='word_1_125' title='bbox 568 2365 603 2427; x_wconf 93' lang='lat' dir='ltr'>in</span> <span class='ocrx_word' id='word_1_126' title='bbox 635 2362 766 2425; x_wconf 86' lang='lat' dir='ltr'>orientis</span> <span class='ocrx_word' id='word_1_127' title='bbox 799 2364 905 2444; x_wconf 85' lang='lat' dir='ltr'>partes</span> <span class='ocrx_word' id='word_1_128' title='bbox 938 2361 1188 2444; x_wconf 83' lang='lat' dir='ltr'>expeditionibus</span> 
     </span>
     <span class='ocr_line' id='line_1_20' title="bbox 286 2470 1291 2567; baseline -0.01 -22"><span class='ocrx_word' id='word_1_129' title='bbox 286 2479 461 2567; x_wconf 78' lang='lat' dir='ltr'>[Pellaeum</span> <span class='ocrx_word' id='word_1_130' title='bbox 483 2475 680 2540; x_wconf 86' lang='lat' dir='ltr'>substituunt</span> <span class='ocrx_word' id='word_1_131' title='bbox 703 2494 772 2535; x_wconf 93' lang='lat' dir='ltr'>cum</span> <span class='ocrx_word' id='word_1_132' title='bbox 788 2470 950 2554; x_wconf 88' lang='lat' dir='ltr'>Droyseno</span> <span class='ocrx_word' id='word_1_133' title='bbox 966 2493 996 2552; x_wconf 94' lang='lat' dir='ltr'>p.</span> <span class='ocrx_word' id='word_1_134' title='bbox 1009 2472 1067 2534; x_wconf 77' lang='lat'><em>(581</em></span> <span class='ocrx_word' id='word_1_135' title='bbox 1092 2470 1185 2536; x_wconf 83' lang='lat' dir='ltr'>Geier</span> <span class='ocrx_word' id='word_1_136' title='bbox 1286 2505 1291 2512; x_wconf 92' lang='lat'>·</span> 
     </span>
     <span class='ocr_line' id='line_1_21' title="bbox 370 2579 1182 2675; baseline -0.01 -21"><span class='ocrx_word' id='word_1_137' title='bbox 370 2589 471 2675; x_wconf 74' lang='lat' dir='ltr'>(xxi.</span> <span class='ocrx_word' id='word_1_138' title='bbox 490 2585 596 2670; x_wconf 86' lang='lat' dir='ltr'>XXII)</span> <span class='ocrx_word' id='word_1_139' title='bbox 631 2583 699 2646; x_wconf 91' lang='lat' dir='ltr'>Nec</span> <span class='ocrx_word' id='word_1_140' title='bbox 721 2603 794 2646; x_wconf 88' lang='lat' dir='ltr'>vero</span> <span class='ocrx_word' id='word_1_141' title='bbox 816 2581 892 2644; x_wconf 87' lang='lat' dir='ltr'>satis</span> <span class='ocrx_word' id='word_1_142' title='bbox 915 2601 1043 2644; x_wconf 86' lang='lat' dir='ltr'>caussae</span> <span class='ocrx_word' id='word_1_143' title='bbox 1065 2579 1182 2665; x_wconf 83' lang='lat' dir='ltr'>Hesycl</span> 
     </span>
     <span class='ocr_line' id='line_1_22' title="bbox 285 2689 1180 2776; baseline -0.015 -9"><span class='ocrx_word' id='word_1_144' title='bbox 285 2725 340 2767; x_wconf 91' lang='lat' dir='ltr'>cur</span> <span class='ocrx_word' id='word_1_145' title='bbox 372 2723 443 2765; x_wconf 79' lang='lat' dir='ltr'>erun</span> <span class='ocrx_word' id='word_1_146' title='bbox 472 2696 618 2761; x_wconf 77' lang='lat' dir='ltr'>Fabricio</span> <span class='ocrx_word' id='word_1_147' title='bbox 651 2693 733 2756; x_wconf 90' lang='lat' dir='ltr'>Bibl.</span> <span class='ocrx_word' id='word_1_148' title='bbox 763 2714 811 2776; x_wconf 86' lang='lat' dir='ltr'>gr.</span> <span class='ocrx_word' id='word_1_149' title='bbox 843 2690 888 2754; x_wconf 85' lang='lat' dir='ltr'>Vl</span> <span class='ocrx_word' id='word_1_150' title='bbox 921 2713 951 2774; x_wconf 93' lang='lat' dir='ltr'>p.</span> <span class='ocrx_word' id='word_1_151' title='bbox 975 2689 1036 2754; x_wconf 74' lang='lat'>372</span> <span class='ocrx_word' id='word_1_152' title='bbox 1067 2690 1101 2754; x_wconf 92' lang='lat' dir='ltr'>in</span> <span class='ocrx_word' id='word_1_153' title='bbox 1133 2713 1180 2776; x_wconf 79' lang='lat' dir='ltr'>gr.</span> 
     </span>
     <span class='ocr_line' id='line_1_23' title="bbox 284 2799 1305 2891; baseline -0.016 -12"><span class='ocrx_word' id='word_1_154' title='bbox 284 2799 1305 2891; x_wconf 43' lang='lat' dir='ltr'>nmmmfflwmmmmfflmm·„</span> 
     </span>
     <span class='ocr_line' id='line_1_24' title="bbox 283 2910 1174 3000; baseline -0.022 -10"><span class='ocrx_word' id='word_1_155' title='bbox 283 2931 333 2989; x_wconf 86' lang='lat' dir='ltr'>ter</span> <span class='ocrx_word' id='word_1_156' title='bbox 355 2923 433 2988; x_wconf 89' lang='lat' dir='ltr'>satis</span> <span class='ocrx_word' id='word_1_157' title='bbox 457 2921 623 2984; x_wconf 89' lang='lat' dir='ltr'>obscuram</span> <span class='ocrx_word' id='word_1_158' title='bbox 645 2915 783 3000; x_wconf 84' lang='lat' dir='ltr'>glossam</span> <span class='ocrx_word' id='word_1_159' title='bbox 805 2911 865 2975; x_wconf 78' lang='lat' dir='ltr'>vol.</span> <span class='ocrx_word' id='word_1_160' title='bbox 882 2910 914 2973; x_wconf 93' lang='lat' dir='ltr'>ll</span> <span class='ocrx_word' id='word_1_161' title='bbox 935 2933 966 2992; x_wconf 92' lang='lat' dir='ltr'>p.</span> <span class='ocrx_word' id='word_1_162' title='bbox 985 2910 1075 2993; x_wconf 79' lang='lat'>1445,</span> <span class='ocrx_word' id='word_1_163' title='bbox 1097 2911 1132 2975; x_wconf 91' lang='lat' dir='ltr'>in</span> <span class='ocrx_word' id='word_1_164' title='bbox 1147 2933 1174 2992; x_wconf 73' lang='lat' dir='ltr'>qi</span> 
     </span>
     <span class='ocr_line' id='line_1_25' title="bbox 284 3019 1407 3116; baseline -0.019 -16"><span class='ocrx_word' id='word_1_165' title='bbox 284 3019 1167 3116; x_wconf 41' lang='lat' dir='ltr'>Wmmfflmffifflmpfflfflfflffiffim</span> <span class='ocrx_word' id='word_1_166' title='bbox 1258 3103 1264 3110; x_wconf 14' lang='grc' dir='ltr'>ἢ</span> <span class='ocrx_word' id='word_1_167' title='bbox 1399 3029 1407 3039; x_wconf 90' lang='grc'><em>·</em></span> 
     </span>
     <span class='ocr_line' id='line_1_26' title="bbox 283 3111 1320 3224; baseline -0.018 -10"><span class='ocrx_word' id='word_1_168' title='bbox 283 3149 397 3224; x_wconf 66' lang='grc' dir='ltr'>νόθος,</span> <span class='ocrx_word' id='word_1_169' title='bbox 415 3145 433 3208; x_wconf 89' lang='grc' dir='ltr'>ὁ</span> <span class='ocrx_word' id='word_1_170' title='bbox 450 3143 552 3220; x_wconf 86' lang='grc' dir='ltr'>λάθρα</span> <span class='ocrx_word' id='word_1_171' title='bbox 572 3136 733 3216; x_wconf 71' lang='grc' dir='ltr'>γεννηθεὶς</span> <span class='ocrx_word' id='word_1_172' title='bbox 748 3137 812 3197; x_wconf 86' lang='grc' dir='ltr'>τῶν</span> <span class='ocrx_word' id='word_1_173' title='bbox 830 3132 956 3208; x_wconf 87' lang='grc' dir='ltr'>γονέων</span> <span class='ocrx_word' id='word_1_174' title='bbox 972 3135 1027 3208; x_wconf 76' lang='grc' dir='ltr'>τῆ(</span> <span class='ocrx_word' id='word_1_175' title='bbox 1041 3131 1170 3211; x_wconf 82' lang='grc' dir='ltr'>κόρη(.τ</span> <span class='ocrx_word' id='word_1_176' title='bbox 1313 3111 1320 3122; x_wconf 55' lang='grc'><em>“</em></span> 
     </span>
     <span class='ocr_line' id='line_1_27' title="bbox 283 3229 1167 3342; baseline -0.019 -19"><span class='ocrx_word' id='word_1_177' title='bbox 283 3259 438 3342; x_wconf 70' lang='grc' dir='ltr'>φανερᾶς,</span> <span class='ocrx_word' id='word_1_178' title='bbox 462 3251 612 3331; x_wconf 75' lang='grc' dir='ltr'>λαθραία(</span> <span class='ocrx_word' id='word_1_179' title='bbox 627 3229 787 3324; x_wconf 60' lang='lat' dir='ltr'>sepiam</span> <span class='ocrx_word' id='word_1_180' title='bbox 808 3243 980 3319; x_wconf 74' lang='grc' dir='ltr'>γεγονότα(</span> <span class='ocrx_word' id='word_1_181' title='bbox 1002 3241 1140 3306; x_wconf 82' lang='grc' dir='ltr'>εκοτίουε</span> <span class='ocrx_word' id='word_1_182' title='bbox 1163 3274 1167 3291; x_wconf 85' lang='lat'>.</span> 
     </span>
     <span class='ocr_line' id='line_1_28' title="bbox 283 3351 1162 3453; baseline -0.023 -17"><span class='ocrx_word' id='word_1_183' title='bbox 283 3364 520 3453; x_wconf 81' lang='grc' dir='ltr'>παρθεν[ί]ουε,</span> <span class='ocrx_word' id='word_1_184' title='bbox 551 3361 644 3424; x_wconf 77' lang='grc' dir='ltr'>ἄλλοι</span> <span class='ocrx_word' id='word_1_185' title='bbox 669 3354 911 3451; x_wconf 72' lang='lat' dir='ltr'>reparatione,</span> <span class='ocrx_word' id='word_1_186' title='bbox 942 3351 1079 3431; x_wconf 85' lang='grc' dir='ltr'>καθάπερ</span> <span class='ocrx_word' id='word_1_187' title='bbox 1106 3353 1162 3416; x_wconf 84' lang='grc' dir='ltr'>Μα</span> 
     </span>
     <span class='ocr_line' id='line_1_29' title="bbox 283 3462 1304 3564; baseline -0.025 -16"><span class='ocrx_word' id='word_1_188' title='bbox 283 3484 374 3548; x_wconf 66' lang='lat' dir='ltr'>&#39;lethu</span> <span class='ocrx_word' id='word_1_189' title='bbox 405 3498 485 3561; x_wconf 87' lang='lat' dir='ltr'>quac</span> <span class='ocrx_word' id='word_1_190' title='bbox 508 3471 649 3554; x_wconf 84' lang='lat' dir='ltr'>sequitur</span> <span class='ocrx_word' id='word_1_191' title='bbox 671 3487 753 3530; x_wconf 88' lang='lat' dir='ltr'>nova</span> <span class='ocrx_word' id='word_1_192' title='bbox 776 3463 881 3548; x_wconf 87' lang='lat' dir='ltr'>glossa</span> <span class='ocrx_word' id='word_1_193' title='bbox 903 3462 1098 3526; x_wconf 87' lang='grc' dir='ltr'>(κοτοδινιᾶ·</span> <span class='ocrx_word' id='word_1_194' title='bbox 1114 3482 1162 3526; x_wconf 74' lang='grc' dir='ltr'>εκ(</span> <span class='ocrx_word' id='word_1_195' title='bbox 1284 3553 1304 3564; x_wconf 59' lang='lat'><strong>„</strong></span> 
     </span>
     <span class='ocr_line' id='line_1_30' title="bbox 283 3569 1397 3662; baseline -0.022 -5"><span class='ocrx_word' id='word_1_196' title='bbox 283 3595 309 3658; x_wconf 89' lang='lat' dir='ltr'>si</span> <span class='ocrx_word' id='word_1_197' title='bbox 334 3591 431 3656; x_wconf 88' lang='lat' dir='ltr'>codex</span> <span class='ocrx_word' id='word_1_198' title='bbox 461 3585 600 3662; x_wconf 82' lang='lat' dir='ltr'>teneret,</span> <span class='ocrx_word' id='word_1_199' title='bbox 630 3577 689 3642; x_wconf 90' lang='lat' dir='ltr'>etsi</span> <span class='ocrx_word' id='word_1_200' title='bbox 712 3573 848 3638; x_wconf 89' lang='lat' dir='ltr'>dubitari</span> <span class='ocrx_word' id='word_1_201' title='bbox 871 3570 1101 3654; x_wconf 82' lang='lat' dir='ltr'>descripturus</span> <span class='ocrx_word' id='word_1_202' title='bbox 1128 3569 1158 3634; x_wconf 83' lang='lat' dir='ltr'>ir</span> <span class='ocrx_word' id='word_1_203' title='bbox 1203 3615 1216 3624; x_wconf 81' lang='grc'><strong>-</strong></span> <span class='ocrx_word' id='word_1_204' title='bbox 1287 3571 1362 3652; x_wconf 52' lang='lat' dir='ltr'>j*</span> <span class='ocrx_word' id='word_1_205' title='bbox 1390 3593 1397 3598; x_wconf 94' lang='lat'>·</span> 
     </span>
    </p>
   </div>
   <div class='ocr_carea' id='block_1_3' title="bbox 283 3669 1385 3787">
    <p class='ocr_par' dir='ltr' id='par_1_3' title="bbox 283 3669 1385 3787">
     <span class='ocr_line' id='line_1_31' title="bbox 283 3669 1385 3787; baseline -0.042 -18"><span class='ocrx_word' id='word_1_206' title='bbox 283 3709 346 3787; x_wconf 75' lang='lat' dir='ltr'>set,</span> <span class='ocrx_word' id='word_1_207' title='bbox 370 3705 567 3764; x_wconf 82' lang='lat' dir='ltr'>tamennon</span> <span class='ocrx_word' id='word_1_208' title='bbox 591 3679 1152 3770; x_wconf 85' lang='lat' dir='ltr'>sinespccievcriargumcntarig</span> <span class='ocrx_word' id='word_1_209' title='bbox 1216 3739 1226 3748; x_wconf 49' lang='grc'>,</span> <span class='ocrx_word' id='word_1_210' title='bbox 1286 3669 1305 3708; x_wconf 65' lang='lat'>³</span> <span class='ocrx_word' id='word_1_211' title='bbox 1358 3699 1385 3726; x_wconf 78' lang='grc'>-,</span> 
     </span>
    </p>
   </div>
   <div class='ocr_carea' id='block_1_4' title="bbox 1315 2896 1423 2916">
    <p class='ocr_par' dir='ltr' id='par_1_4' title="bbox 1315 2896 1423 2916">
     <span class='ocr_line' id='line_1_32' title="bbox 1315 2896 1423 2916; baseline -0.065 6"><span class='ocrx_word' id='word_1_212' title='bbox 1315 2899 1323 2908; x_wconf 73' lang='grc'><em>·</em></span> <span class='ocrx_word' id='word_1_213' title='bbox 1387 2896 1423 2916; x_wconf 54' lang='grc' dir='ltr'>’κ</span> 
     </span>
    </p>
   </div>
   <div class='ocr_carea' id='block_1_5' title="bbox 282 3865 483 3883">
    <p class='ocr_par' dir='ltr' id='par_1_5' title="bbox 282 3865 483 3883">
     <span class='ocr_line' id='line_1_33' title="bbox 282 3865 483 3883; baseline -0.06 1"><span class='ocrx_word' id='word_1_214' title='bbox 282 3865 483 3883; x_wconf 46' lang='grc' dir='ltr'>,μμ-...-</span> 
     </span>
    </p>
   </div>
   <div class='ocr_carea' id='block_1_6' title="bbox 280 3965 1244 4337">
    <p class='ocr_par' dir='ltr' id='par_1_6' title="bbox 280 3965 1244 4337">
     <span class='ocr_line' id='line_1_34' title="bbox 349 3965 1142 4061; baseline -0.032 -15"><span class='ocrx_word' id='word_1_215' title='bbox 349 3995 374 4059; x_wconf 82' lang='grc'>*)</span> <span class='ocrx_word' id='word_1_216' title='bbox 402 3989 493 4061; x_wconf 83' lang='lat' dir='ltr'>[later</span> <span class='ocrx_word' id='word_1_217' title='bbox 515 3981 634 4039; x_wconf 84' lang='grc' dir='ltr'>ὑε(τάκα</span> <span class='ocrx_word' id='word_1_218' title='bbox 658 3979 686 4032; x_wconf 91' lang='lat' dir='ltr'>ct</span> <span class='ocrx_word' id='word_1_219' title='bbox 708 3973 782 4030; x_wconf 77' lang='grc' dir='ltr'>ὑετί(</span> <span class='ocrx_word' id='word_1_220' title='bbox 814 3990 839 4041; x_wconf 92' lang='lat' dir='ltr'>p.</span> <span class='ocrx_word' id='word_1_221' title='bbox 862 3977 922 4036; x_wconf 68' lang='lat'>194,</span> <span class='ocrx_word' id='word_1_222' title='bbox 943 3976 987 4024; x_wconf 76' lang='lat'>107</span> <span class='ocrx_word' id='word_1_223' title='bbox 1015 3965 1103 4022; x_wconf 86' lang='lat' dir='ltr'>Schm.</span> <span class='ocrx_word' id='word_1_224' title='bbox 1129 3985 1142 4022; x_wconf 90' lang='lat' dir='ltr'>c</span> 
     </span>
     <span class='ocr_line' id='line_1_35' title="bbox 282 4064 1142 4153; baseline -0.04 -6"><span class='ocrx_word' id='word_1_225' title='bbox 282 4091 409 4148; x_wconf 82' lang='lat' dir='ltr'>nrutihuu</span> <span class='ocrx_word' id='word_1_226' title='bbox 427 4085 550 4153; x_wconf 82' lang='lat' dir='ltr'>glossam</span> <span class='ocrx_word' id='word_1_227' title='bbox 569 4077 639 4130; x_wconf 89' lang='lat' dir='ltr'>hanc</span> <span class='ocrx_word' id='word_1_228' title='bbox 658 4071 754 4125; x_wconf 79' lang='lat' dir='ltr'>habet:</span> <span class='ocrx_word' id='word_1_229' title='bbox 794 4069 872 4132; x_wconf 78' lang='grc' dir='ltr'>ετήε·</span> <span class='ocrx_word' id='word_1_230' title='bbox 888 4067 903 4118; x_wconf 88' lang='grc' dir='ltr'><strong>ό</strong></span> <span class='ocrx_word' id='word_1_231' title='bbox 922 4065 1063 4130; x_wconf 77' lang='grc' dir='ltr'>αὺτοετήε.</span> <span class='ocrx_word' id='word_1_232' title='bbox 1081 4064 1142 4130; x_wconf 79' lang='grc' dir='ltr'>Μαρ</span> 
     </span>
     <span class='ocr_line' id='line_1_36' title="bbox 280 4154 1138 4243; baseline -0.038 -2"><span class='ocrx_word' id='word_1_233' title='bbox 280 4190 422 4243; x_wconf 75' lang='lat' dir='ltr'>Moscius,</span> <span class='ocrx_word' id='word_1_234' title='bbox 442 4175 546 4240; x_wconf 80' lang='grc' dir='ltr'>αὺετὴ(</span> <span class='ocrx_word' id='word_1_235' title='bbox 565 4172 658 4223; x_wconf 69' lang='lat' dir='ltr'>alitem</span> <span class='ocrx_word' id='word_1_236' title='bbox 676 4182 730 4217; x_wconf 91' lang='lat' dir='ltr'>non</span> <span class='ocrx_word' id='word_1_237' title='bbox 750 4161 807 4214; x_wconf 82' lang='lat' dir='ltr'>sinc</span> <span class='ocrx_word' id='word_1_238' title='bbox 826 4175 926 4226; x_wconf 85' lang='lat' dir='ltr'>magna</span> <span class='ocrx_word' id='word_1_239' title='bbox 943 4155 1000 4210; x_wconf 85' lang='lat' dir='ltr'>veri</span> <span class='ocrx_word' id='word_1_240' title='bbox 1018 4154 1138 4224; x_wconf 79' lang='lat' dir='ltr'>specieh</span> 
     </span>
     <span class='ocr_line' id='line_1_37' title="bbox 280 4248 1244 4337; baseline -0.043 0"><span class='ocrx_word' id='word_1_241' title='bbox 280 4300 345 4337; x_wconf 87' lang='lat' dir='ltr'>narn</span> <span class='ocrx_word' id='word_1_242' title='bbox 373 4275 407 4329; x_wconf 87' lang='lat' dir='ltr'>dc</span> <span class='ocrx_word' id='word_1_243' title='bbox 435 4271 520 4336; x_wconf 80' lang='grc' dir='ltr'>ὺετή(</span> <span class='ocrx_word' id='word_1_244' title='bbox 548 4263 653 4318; x_wconf 82' lang='lat' dir='ltr'>scilicet</span> <span class='ocrx_word' id='word_1_245' title='bbox 680 4257 782 4311; x_wconf 83' lang='lat' dir='ltr'>aeolico</span> <span class='ocrx_word' id='word_1_246' title='bbox 809 4253 826 4305; x_wconf 83' lang='lat' dir='ltr'>i.</span> <span class='ocrx_word' id='word_1_247' title='bbox 846 4270 868 4305; x_wconf 87' lang='lat' dir='ltr'>c.</span> <span class='ocrx_word' id='word_1_248' title='bbox 894 4251 975 4317; x_wconf 84' lang='grc' dir='ltr'>ὀετή(</span> <span class='ocrx_word' id='word_1_249' title='bbox 997 4248 1040 4302; x_wconf 76' lang='lat' dir='ltr'>rix</span> <span class='ocrx_word' id='word_1_250' title='bbox 1064 4265 1135 4316; x_wconf 77' lang='lat' dir='ltr'>persi</span> <span class='ocrx_word' id='word_1_251' title='bbox 1237 4269 1244 4276; x_wconf 81' lang='lat'><em>·</em></span> 
     </span>
    </p>
   </div>
   <div class='ocr_carea' id='block_1_7' title="bbox 280 4348 824 4449">
    <p class='ocr_par' dir='ltr' id='par_1_7' title="bbox 280 4348 824 4449">
     <span class='ocr_line' id='line_1_38' title="bbox 280 4348 824 4449; baseline -0.063 -17"><span class='ocrx_word' id='word_1_252' title='bbox 280 4369 464 4437; x_wconf 80' lang='lat' dir='ltr'>Putlrologiac</span> <span class='ocrx_word' id='word_1_253' title='bbox 484 4359 592 4449; x_wconf 44' lang='lat' dir='ltr'>clern3l</span> <span class='ocrx_word' id='word_1_254' title='bbox 612 4375 638 4424; x_wconf 85' lang='lat' dir='ltr'>p,</span> <span class='ocrx_word' id='word_1_255' title='bbox 653 4358 701 4408; x_wconf 77' lang='lat'>362</span> <span class='ocrx_word' id='word_1_256' title='bbox 720 4348 824 4413; x_wconf 74' lang='lat' dir='ltr'>adnot]</span> 
     </span>
    </p>
   </div>
   <div class='ocr_carea' id='block_1_8' title="bbox 0 0 1480 5132">
    <p class='ocr_par' dir='ltr' id='par_1_8' title="bbox 0 0 1480 5132">
     <span class='ocr_line' id='line_1_39' title="bbox 0 0 1480 5132; baseline 0 0"><span class='ocrx_word' id='word_1_257' title='bbox 0 0 1480 5132; x_wconf 95' lang='lat' dir='ltr'> </span> 
     </span>
    </p>
   </div>
  </div>
 </body>
</html>
