2942 5134
498 333 619 382 osuuu
641 337 805 383 conounr.
1156 323 1218 386 407

72 485 222 565 φύτευμα
243 485 365 571 legeret
386 485 592 571 simpliciter,
620 509 686 552 non
713 487 778 552 ullo
800 487 893 551 modo
915 488 1002 553 aliud
1023 492 1132 572 posset
1153 490 1216 554 nisi

71 593 263 660 ‘invictum'
284 595 535 681 ‘insuperabile’
565 597 786 680 interpretari:
814 597 1013 662 hauddubie
1036 597 1069 662 id
1090 598 1217 682 quidem

70 708 203 787 praeter
225 726 354 770 sensum
375 707 501 790 poetae,
525 707 580 792 qui
601 707 637 770 in
658 706 742 771 hanc
758 711 883 790 partem
905 729 996 772 versu
1012 708 1139 772 demmn
1155 709 1216 772 702

70 814 306 899 cogitationem
322 803 501 881 deilexunrs
516 819 596 882 eret.
640 815 730 902 Ergo
751 815 812 882 hac
835 817 1010 882 offensione
1025 817 1216 902 gravissime

69 945 111 987 ec
149 945 224 990 vere
261 925 428 1012 ἀχειρώτιρ
461 925 582 991 liberae
614 927 820 991 membranae
853 927 1127 1011 Laurentiauac*)
1161 949 1217 992 cur

67 1037 183 1100 tamen
215 1035 311 1100 fidem
342 1058 406 1102 non
436 1036 584 1102 feccrimt
610 1036 777 1117 dxsipnroc
803 1036 949 1100 formae?
992 1035 1116 1120 Quippe
1147 1058 1213 1102 nou
1226 1055 1266 1105 xn

68 1145 199 1208 exstare
220 1147 335 1226 χειρὲω
357 1147 490 1211 verbum
509 1167 697 1230 responsum
719 1149 777 1230 est,
801 1167 867 1211 non
887 1147 992 1231 magis
1012 1146 1113 1230 igitur
1133 1145 1215 1231 fingi

66 1253 163 1318 illino
184 1254 363 1320 derivatum
390 1257 536 1338 χειρητόε
563 1257 614 1320 vel
642 1255 809 1338 ἀχείρητοε
836 1256 986 1340 potuisse.
1030 1255 1155 1320 Debere
1182 1254 1214 1318 id

65 1364 249 1444 ἀχείριετον
282 1366 388 1450 potius
422 1387 490 1430 esse
523 1389 543 1430 e
573 1366 699 1446 χειρὶῑω
736 1365 866 1430 ductum
898 1365 1109 1430 ratiocinatus
1138 1365 1214 1430 olim

65 1472 284 1540 Doederlinus
322 1475 401 1541 adeo
441 1476 601 1560 persuasit
638 1497 742 1559 nuper
778 1475 980 1558 Hartungio,
1013 1475 1041 1539 is
1074 1479 1110 1540 ut
1143 1496 1213 1540 eam

64 1583 209 1647 formem
245 1585 307 1668 ipsi
344 1585 467 1650 scilicet
503 1589 617 1668 poetae
653 1584 816 1668 redderet,
862 1585 1005 1670 proxime
1046 1587 1153 1649 autem
1194 1607 1213 1647 a

63 1691 281 1759 Laurentiani
316 1694 379 1759 fide
415 1695 526 1760 abesse
563 1716 632 1759 sese
668 1693 833 1760 Nauckius
870 1697 1019 1760 narraret
1050 1694 1212 1775 ἀγήρατον

63 1802 222 1886 Sophocli
244 1805 476 1870 restituentem.
522 1804 605 1881 Quid
633 1805 764 1869 autem?
791 1805 913 1869 illicine
940 1827 981 1870 nc
1004 1805 1044 1869 ad
1066 1803 1212 1888 proxima

62 1911 198 1997 quidem
220 1915 317 1978 verba
339 1913 478 1978 Pollucis
500 1917 709 1998 perrexerunt
736 1913 889 1999 legende,
917 1914 1031 1999 quibus
1058 1913 1085 1978 is
1113 1915 1212 1995 ἐγχει-

62 2023 167 2102 ρητής
188 2024 362 2105 ἐγχείρηειε
384 2023 632 2108 Aristophanis,
661 2025 854 2105 ἐπιχειρηταί
874 2023 1084 2108 Thucydidis,
1113 2025 1212 2104 ἐγχει-

62 2134 303 2213 ρητικωτέρου(
324 2133 564 2218 Xenophontis,
594 2135 803 2215 ἐγχειρήματα
824 2133 1067 2216 Demosthenis,
1097 2135 1212 2213 ἐπιχει-

61 2244 193 2322 ρήματα
214 2243 401 2328 multorum,
422 2244 530 2308 dedite
552 2266 649 2328 opere
672 2243 872 2326 composuit?
914 2243 969 2308 An
990 2241 1072 2308 nihil
1094 2243 1129 2306 iu
1150 2243 1211 2307 hoc

59 2373 188 2436 genere
211 2352 362 2438 analogia
384 2353 494 2418 velet?
522 2375 602 2438 quse
630 2353 658 2416 si
686 2355 718 2417 et
746 2353 899 2434 ἐγχειρεῖν
927 2357 960 2416 et
986 2354 1155 2433 ἐπιχειρεῖν
1178 2355 1211 2416 et

59 2461 145 2526 binc
168 2465 246 2526 nata
268 2463 504 2544 εὐεπιχείρητος
526 2463 782 2542 δυεεπιχείρητοε
804 2463 1069 2544 προεπιχεὶρητοε
1085 2461 1210 2529 ἀντεπι-

58 2575 213 2652 χείρητο(
234 2573 393 2656 probavit,
416 2595 479 2658 qua
495 2572 689 2637 confidentia
704 2573 894 2657 negabimus
916 2594 936 2637 a
957 2574 1053 2656 poeta
1068 2571 1208 2656 potuisse

54 2681 166 2782 ¹etism
193 2681 359 2764 ἀχείρητοε
387 2681 544 2768 fingi?**)
588 2681 649 2764 Vt,
674 2681 701 2746 si
722 2681 815 2745 modo
838 2679 1003 2747 diffidendi
1032 2681 1126 2746 venia
1155 2681 1207 2764 sit,

56 2789 153 2854 haud
174 2791 282 2874 paullo
304 2793 421 2857 rectius
444 2792 483 2855 de
506 2792 682 2858 αὐτόποιον
711 2813 806 2876 quem
833 2791 872 2854 de
895 2793 1063 2872 ἀχείρητον
1087 2789 1208 2874 aliquid

104 2947 271 2956 --—-—.-

133 3043 160 3108 ⁸)
178 3045 305 3109 cpdrsuu’
321 3045 472 3112 ἀχείρητον
490 3061 552 3098 oum
571 3043 608 3098 sit
624 3043 653 3098 in
671 3043 803 3098 lemmate
822 3044 997 3110 scholiastae,
1015 3043 1094 3097 huius
1114 3045 1208 3098 sutem

55 3135 264 3204 interpretatio
281 3135 359 3190 telis:
378 3139 422 3191 ὅτι
438 3139 593 3204 ἀπέεχοντο
611 3141 671 3192 τῶν
690 3137 797 3204 μορίων
815 3138 842 3192 ol
860 3139 1069 3202 Λακεδαιμόνιοι
1087 3153 1110 3190 e.
1130 3152 1157 3202 q.
1176 3153 1208 3202 s,

57 3228 187 3296 apparet
208 3227 294 3297 ipsius
315 3215 497 3284 Laurentium
520 3229 688 3298 scripturam
709 3229 860 3297 ἀχεῐρητον
882 3229 967 3283 etiam
989 3229 1018 3282 in
1040 3229 1207 3282 scholiorum

57 3319 231 3375 collectione
249 3321 402 3389 antiquitus
419 3323 554 3377 meditem
572 3339 641 3390 csse,
660 3321 696 3376 sd
714 3339 776 3376 eum
794 3323 888 3376 eutem
907 3339 977 3388 quae
996 3321 1137 3390 subrepsit
1153 3323 1207 3376 for·

57 3430 143 3467 ruem
162 3413 318 3481 ἀχείρωτον
336 3417 477 3470 servatum
494 3433 567 3469 mmc
585 3415 709 3470 scholion
727 3415 876 3484 pertinere,
893 3413 921 3468 id
940 3415 1014 3481 quod
1032 3395 1206 3469 Hermabnus

55 3505 137 3559 vidit
154 3505 315 3562 rectissime.
335 3537 368 3548 -
386 3507 514 3562 Ceterum
532 3508 604 3562 mira
626 3510 669 3562 est
691 3511 720 3562 et
737 3508 782 3562 vix
804 3507 965 3576 incorrupte
987 3523 1057 3575 quac
1074 3507 1103 3559 in
1122 3506 1207 3560 (υνα-

55 3604 148 3666 γωγῇ
166 3600 270 3653 λέξεων
288 3599 432 3668 χρηε1μων
449 3619 477 3669 p.
495 3607 553 3666 474,
571 3607 587 3654 4
610 3601 695 3655 Bckk.
716 3603 788 3667 (1⁷5,
807 3600 965 3668 3Buch1n.)
989 3601 1084 3670 glossa
1102 3599 1205 3654 exstet:

57 3691 237 3758 ἀχείρωτον,
266 3694 392 3760 ἄμωμον.
427 3693 504 3758 Quae
534 3694 557 3748 si
579 3695 651 3748 forte
674 3693 710 3748 ad
733 3693 899 3762 Sophoclem
922 3695 1042 3762 spectet,
1072 3691 1156 3746 mirer
1178 3691 1207 3745 ni

56 3785 233 3848 αὐτόματον
249 3783 337 3839 lateat
353 3784 383 3838 in
401 3787 532 3854 ἄμωμον,
554 3786 630 3840 idem
653 3788 683 3839 ut
705 3786 768 3840 huic
791 3785 975 3855 grammatico
997 3785 1108 3852 vitium,
1132 3785 1206 3852 quod

55 3875 181 3958 Polluci,
199 3877 289 3930 fraudi
305 3877 396 3931 fuerit
432 3877 493 3931 Nisi
509 3881 605 3934 tamen
623 3878 670 3932 ille
687 3895 783 3934 verum
800 3879 893 3948 potius
911 3879 1054 3934 notionem
1070 3878 1205 3944 iuterpre-

53 3971 144 4023 tatus
160 3967 271 4036 scripsit
287 3972 404 4036 ἄμαχον.

132 4061 175 4128 ¹³)
194 4061 338 4129 [Nimirum
360 4065 410 4117 eut
430 4063 521 4132 ipsum
539 4065 650 4120 exstare
667 4063 790 4134 potuisse
808 4067 906 4133 χειρέω
924 4065 1039 4119 verbum
1056 4059 1204 4115 ratiocina-

55 4157 130 4220 bar,
150 4155 199 4208 sut
215 4155 247 4207 ut
263 4155 417 4224 cogitatum
434 4157 629 4212 tantummodo
646 4175 698 4226 pro
716 4157 898 4212 hindemento
915 4157 1001 4210 subse
1019 4155 1095 4208 recte
1113 4153 1205 4206 sactae

54 4249 196 4316 χειρητὸε
218 4248 336 4302 formae:
365 4247 400 4303 de
423 4264 478 4315 quo
500 4267 582 4317 posse
605 4249 727 4304 dubitari
755 4251 876 4306 concedo
898 4246 1059 4303 liberaliter.
1100 4245 1204 4300 Verum

54 4356 129 4395 raro
152 4356 186 4394 ac
207 4340 291 4410 plane
313 4340 446 4410 singulari
468 4342 641 4397 humanitate
659 4360 727 4400 uuus
747 4361 780 4399 ex
804 4344 843 4398 eis
866 4341 1020 4398 editoribus
1044 4339 1199 4410 Sophoclis,
