2954 5134
420 385 467 434 na
490 386 561 434 οιιο
583 387 627 434 ατ
650 387 792 436 οκτοιιυ.
1115 371 1178 436 587

57 559 166 602 nonem
181 561 213 622 p.
237 538 300 604 305
321 539 372 602 vel
394 539 495 604 multo
516 541 581 604 illis
603 541 690 623 prior
712 539 907 608 Villoisonus
922 541 1178 626 Prolegomeuon

56 648 84 712 iu
102 648 230 714 Iliadem
252 671 284 732 p.
307 647 410 714 XXX.

572 795 646 874 §a

126 927 276 994 Onussam
310 929 511 1014 significavi,
546 931 645 1011 Ὦρα(
679 933 712 994 et
739 929 855 1012 Ὠρίων
885 930 1017 994 nomina
1050 951 1105 994 cur
1137 952 1179 996 ne

56 1038 218 1120 potuissent
240 1040 384 1124 quidem,
414 1039 540 1104 etiamsi
562 1040 730 1124 vellemus,
759 1041 897 1105 invicem
926 1041 967 1104 ab
996 1063 1029 1104 se
1052 1041 1178 1124 seiungi

57 1149 300 1214 commentando:
339 1153 432 1214 tanta
461 1151 547 1214 enim
575 1173 684 1215 eorum
712 1155 761 1214 est
789 1151 1012 1236 propinquitas
1035 1153 1067 1214 ct
1088 1149 1179 1234 quasi

56 1260 199 1323 consortio
220 1259 388 1344 quaedam,
411 1263 447 1324 ut
469 1261 567 1325 etiarn
588 1265 821 1345 posteaquam,
845 1265 922 1345 quot
943 1264 975 1324 et
990 1259 1044 1345 qui
1059 1259 1179 1323 fuerint

54 1369 260 1453 grammatici,
284 1370 482 1453 constiterit,
512 1371 543 1435 id
566 1371 649 1456 quod
672 1371 814 1436 omniurn
837 1375 886 1434 est
908 1369 1177 1452 obscurissimum,

55 1479 198 1542 communi
220 1480 358 1564 quodam
373 1481 535 1545 societatis
551 1481 678 1546 vinculo
702 1480 938 1546 contineantur.
970 1480 1019 1545 Ac
1041 1480 1179 1564 primum

54 1587 87 1650 ab
106 1588 199 1654 Suida
220 1593 287 1654 tres
309 1596 517 1655 recensentur
539 1591 742 1676 grammatici
765 1590 853 1656 hice:

87 1699 197 1780 Ὠρίων
226 1701 368 1782 Θηβαῖος
395 1706 451 1780 τῆ(
480 1701 655 1778 Αἰγύπτου·
691 1703 880 1782 ευναγωγὴν
907 1703 1048 1779 γνωμῶν
1076 1701 1178 1780 ἤγουν

124 1811 316 1889 ἀνθολόγιον
339 1813 422 1892 πρὸ(
449 1811 602 1878 Εὐδοκίαν
630 1815 690 1892 τὴν
712 1813 864 1892 βαολέω(
894 1811 1002 1896 [immo
1026 1811 1176 1896 βαιιλίδα]

123 1923 257 1998 γυναῖκα
280 1921 456 1987 θεοδοιίου
483 1925 542 1987 τοῦ
564 1925 685 2002 μικροῦ,
709 1924 812 2004 βιβλία
833 1923 912 2002 τρία.

87 2029 197 2110 Ὠρίων
236 2033 480 2113 Ἀλεξανδρεύς,
521 2033 746 2112 γραμματικός·
784 2033 994 2111 ἀνθολόγιον,
1030 2031 1177 2096 Ἀττικῶν

123 2142 242 2206 λέξεων
265 2143 465 2224 τυναγωγήν,
490 2143 562 2223 περὶ
584 2141 803 2222 ἐτυμολογίας,
830 2143 987 2221 ἐγκώμιον
1011 2141 1178 2220 Ἀδριανοῦ

123 2256 180 2315 τοῦ
202 2251 359 2332 καίεαροε.

82 2359 175 2440 Ὠροι
192 2361 425 2442 Ἀλεξανδρεία,
449 2363 672 2446 γραμματικός,
696 2363 866 2429 παιδεύεατ
886 2362 922 2428 ἐν
939 2361 1179 2430 Κωνεταντίνου

123 2471 229 2538 πόλει·
263 2472 385 2554 ἔγραψε
408 2473 480 2552 περὶ
502 2475 681 2553 διχρόνων,
716 2473 809 2538 ὅτίωτ
835 2473 875 2538 τὰ
902 2473 1009 2539 ἐθνικὰ
1037 2473 1178 2550 λεκτέον,

124 2581 225 2646 λίκειε
259 2582 447 2661 προτάιεων
477 2588 543 2649 τῶν
565 2585 783 2664 <Ηρωδιανοῦ,
811 2581 927 2649 πίνακα
954 2587 1021 2648 τῶν
1050 2581 1178 2662 ἑαυτοῦ,

124 2693 194 2771 περὶ
210 2691 394 2770 ἐγκλιτικῶν
417 2693 549 2776 μορίων,
573 2693 797 2775 ὀρθογραφίαν
821 2693 899 2757 κατὰ
916 2695 1084 2772 ιτοιχεῑον,
1107 2694 1179 2772 περὶ

123 2805 177 2880 τῆ(
204 2822 232 2868 ει
259 2802 455 2884 διφθόγγου,
490 2803 712 2884 ὀρθογραφίαν
741 2805 813 2882 περὶ
840 2807 896 2882 τῆς
923 2823 955 2867 αι
987 2803 1177 2882 διφθόγγου,

124 2913 201 2976 κατὰ
228 2912 391 2992 Φρυνίχου
418 2913 498 2978 κατὰ
526 2917 693 2993 ττοιχεῑον,
717 2913 911 2991 ἀνθολόγιον
934 2914 1177 3006 περὶιγνωμῶν.

124 3071 238 3136 Suidao
260 3072 371 3136 statim
393 3072 546 3158 iungendi
570 3077 645 3137 sunt
660 3074 955 3158 Etymologicorum
971 3095 1042 3138 cum
1064 3073 1177 3158 Magni

50 3181 109 3244 tum
130 3181 268 3246 Gudiani
297 3187 442 3248 auctores
470 3207 534 3248 una
557 3206 628 3248 cunr
651 3183 786 3248 Zonara.
832 3186 863 3248 Α
885 3185 998 3270 quibua
1021 3207 1093 3248 cum
1115 3205 1177 3248 sea-

51 3292 182 3356 centiens
196 3295 266 3355 tum
280 3291 336 3356 Ori
353 3293 509 3356 excitetur
523 3297 591 3356 tum
607 3293 735 3358 Orionis
750 3294 979 3378 testimonium,
996 3317 1053 3378 per
1067 3299 1177 3360 tamen

49 3399 152 3463 mirum
174 3401 253 3465 illud
276 3401 404 3484 accidit,
429 3402 511 3486 quod
534 3425 575 3468 ne
598 3403 694 3466 semel
717 3405 844 3488 quidem
866 3404 1104 3470 Alexandrinus
1126 3405 1176 3468 vel

50 3505 122 3572 Orus
149 3511 196 3573 vel
220 3511 298 3575 Orio
327 3512 525 3594 appellatur,
560 3517 672 3578 contra
700 3535 795 3597 saepe
824 3535 955 3578 numero
984 3519 1178 3578 memoratur

49 3614 167 3698 ignotus
190 3619 306 3686 Suidac
329 3621 429 3686 Orus
453 3621 649 3706 Milesius,
680 3629 846 3706 praeterea
874 3629 982 3688 autem
1010 3648 1077 3690 non
1100 3625 1175 3690 Orio

49 3729 165 3794 tantum
178 3729 361 3814 Thebanus,
385 3731 439 3796 sed
456 3731 647 3816 aliquotiens
670 3734 767 3798 etiam
782 3733 954 3800 Thebanus
970 3735 1063 3818 Orus,
1087 3735 1177 3800 item-

49 3857 103 3917 que
123 3838 172 3904 hic
194 3841 261 3904 illic
283 3841 360 3906 Orio
382 3842 511 3926 quidam
539 3843 692 3908 Milesius.
738 3845 873 3909 Accedit
906 3844 1005 3929 quod,
1041 3846 1067 3910 si
1096 3867 1176 3930 quae

50 3965 147 4011 eorum
167 3951 288 4034 scripta
311 3952 462 4034 citantur,
486 3956 547 4017 hoc
568 3954 700 4018 minime
719 3959 934 4040 congruenter
949 3955 1065 4020 Srridae
1087 3955 1177 4020 testi·

49 4058 153 4122 moniis
179 4059 301 4124 factum
330 4063 396 4145 est,
425 4083 462 4126 ac
484 4085 525 4126 ne
547 4063 594 4130 ita
616 4064 757 4148 quidem,
787 4068 823 4128 ut
849 4052 900 4128 vel
928 4065 1063 4150 singuiis
1091 4065 1177 4130 inter

50 4185 79 4226 ae
105 4171 268 4234 conveniat
296 4171 527 4258 Etymologicis
561 4175 610 4238 vel
639 4197 714 4239 suae
743 4176 842 4259 ipsius
874 4175 1045 4240 memoriae
1078 4197 1176 4240 unum

50 4272 181 4362 idemque
210 4281 346 4345 lonicum
381 4285 460 4348 sutis
494 4289 628 4348 constet.
674 4284 815 4360 Quarum
847 4307 953 4350 rerum
985 4285 1176 4350 documenta

51 4405 114 4448 cun
133 4411 151 4452 a
173 4389 297 4456 Sturzio
326 4393 572 4476 suppeditantur
594 4395 615 4458 l.
640 4417 666 4458 c.
691 4399 759 4460 tum
782 4419 800 4460 a
824 4395 994 4480 Sylburgio
1017 4395 1175 4462 Tittman-
