3052 5136
496 309 657 356 souumm
679 309 852 356 11111111.
1186 294 1243 356 711

107 467 156 526 ter
176 461 382 526 obscuratum
405 463 453 524 est
476 463 595 537 (τέγειν
617 461 651 525 in
668 461 788 546 aliquot
804 461 904 544 libris,
929 460 988 524 etsi
1011 461 1136 526 ratione
1158 462 1246 545 paul·

107 575 171 636 lum
201 571 335 636 diversa.
381 571 512 636 Etenim
539 571 601 636 hac
630 571 756 635 demum
782 571 907 635 ratione
934 570 1150 655 intellegitur,
1185 593 1246 656 quo

106 681 199 746 modo
221 681 353 746 alterius
376 681 461 746 vocis
484 681 587 746 locum
603 704 758 766 occupare
780 682 882 746 altera
904 681 1044 766 potuerit
1066 681 1246 746 litteramm

105 793 216 856 formis
252 793 330 856 satis
364 793 483 878 dispar.
534 793 654 869 (τέγων
689 796 795 855 autern
824 793 982 876 scriptura
1010 791 1163 856 1111111111
1191 814 1245 876 po·

104 905 190 966 terat
221 903 256 966 in
284 907 452 988 utramque
486 905 610 988 partem
639 901 817 987 depravari.
869 901 1042 968 Oculorum
1076 902 1162 966 enim
1194 902 1243 965 vel

106 1012 223 1077 calami
250 1013 382 1096 proclivi
405 1014 497 1098 lapsu
521 1013 683 1077 oriebatur
704 1015 845 1089 (τύγωνε
881 1033 917 1076 10
940 1012 1025 1076 enim
1053 1009 1139 1076 valet
1161 1011 1244 1096 quod

105 1127 153 1186 est
175 1124 211 1186 in
233 1121 448 1187 Vauvilliersii
476 1121 579 1208 Regio
602 1123 633 1204 Ι,
662 1124 788 1200 γύγωνι
826 1122 908 1208 quod
936 1145 954 1185 a
977 1121 1108 1186 librario
1136 1122 1244 1206 paullo

103 1232 256 1315 peritiore
280 1256 465 1297 conversum
489 1233 593 1298 estin
616 1237 755 1310 trurdv:
788 1232 980 1315 Explicandi
1004 1235 1110 1296 autem
1133 1254 1244 1296 caussa

104 1341 300 1426 adscriptum
329 1344 446 1424 εἴργων
483 1365 554 1406 mox
582 1343 618 1407 in
646 1343 812 1408 verborum
849 1343 992 1407 ordinem
1022 1342 1242 1407 invehebatur.

103 1451 195 1526 Quod
223 1474 265 1516 ne
293 1453 342 1517 cui
370 1457 489 1518 temere
520 1453 637 1517 dixisse
666 1453 789 1536 videar,
820 1475 877 1536 en,
908 1452 1026 1516 habeto
1054 1452 1244 1517 scholiastae

102 1564 302 1626 notationem
319 1564 359 1628 ad
375 1587 404 1628 v.
421 1565 484 1628 216
501 1561 575 1650 [199
590 1563 696 1651 Ddfd:
722 1563 801 1630 ὥετε
816 1563 854 1628 τὸ
876 1565 955 1644 δόρυ
971 1563 1090 1661 mtrem
1113 1563 1162 1626 καὶ
1184 1563 1244 1628 ἀπ-

102 1673 220 1752 είργειν
244 1675 319 1740 τοὺ(
341 1676 527 1754 πολεμίους·
551 1675 626 1738 item
650 1673 691 1738 ad
714 1673 900 1758 Supplicum
923 1695 951 1736 v.
978 1674 1038 1738 135
1063 1669 1166 1760 [134],
1190 1671 1243 1736 ubi
1369 1732 1373 1740 .

103 1783 208 1846 verbis
243 1805 324 1866 quae
352 1789 427 1850 sunt
453 1787 654 1866 λινορραφής
684 1787 783 1863 δόμοι
816 1783 878 1848 ἅλα
905 1785 1026 1860 cracov
1063 1781 1244 1867 explicandi

102 1913 217 1956 caussa
241 1892 364 1956 addidit
384 1894 479 1958 haec:
507 1897 566 1974 τὴν
589 1897 747 1960 θάλαεεαν
772 1895 896 1973 εἴργων.

189 2061 341 2126 Eiusdem
363 2063 448 2127 modi
472 2063 608 2126 adiciam
632 2063 891 2126 emendationem
906 2085 1014 2124 versus
1030 2061 1243 2144 Aeschylei

99 2172 163 2236 952
187 2172 359 2236 eiusdem
383 2173 555 2238 fabulae.
598 2172 683 2237 Nam
705 2177 808 2237 totum
831 2172 908 2236 illud
932 2193 1059 2236 carmen
1083 2170 1241 2254 melicum,

99 2283 254 2346 miserum
276 2283 309 2346 iu
332 2283 460 2346 modum
490 2289 690 2368 corruptum,
719 2283 753 2346 in
781 2305 843 2367 quo
870 2281 1077 2366 perpoliendo
1100 2280 1242 2364 aliquam

99 2393 154 2455 diu
177 2392 420 2476 elaboravimus,
444 2415 530 2458 nuno
553 2393 680 2478 quidem
702 2397 899 2478 pertractare
921 2390 1054 2476 longum
1076 2397 1134 2455 est.
1180 2391 1242 2456 Est

99 2507 210 2566 autem
238 2501 316 2566 illud
344 2503 523 2568 admirabili
552 2508 620 2568 arte
650 2506 874 2587 compositum,
905 2503 939 2568 in
966 2523 1027 2586 quo
1054 2524 1121 2566 non
1148 2501 1241 2566 modo

99 2611 235 2694 stropha
264 2616 297 2676 et
325 2613 526 2696 antistropha
554 2614 616 2678 sibi
638 2613 853 2697 respondeant
875 2613 1028 2692 invicem,
1059 2611 1114 2676 sed
1143 2613 1241 2676 etiam
1261 2632 1291 2680 11

99 2721 239 2806 singulis
262 2721 425 2787 versiculis
449 2723 634 2808 Antigonae
662 2723 780 2804 singuli
804 2723 984 2786 referantur
1006 2721 1151 2786 Ismenos
1174 2743 1240 2786 vcr-

99 2853 153 2894 sus
189 2836 222 2895 11
249 2854 454 2896 numerorum
482 2833 676 2917 aequalitate
700 2832 833 2916 congrui
857 2837 889 2895 11
911 2832 1089 2895 sententiae
1113 2831 1240 2896 concin-

99 2940 204 3004 nitate
228 2941 393 3007 simillimi.
439 2942 550 3026 Itaque
572 2943 718 3007 lsmenae
741 2943 846 3006 verbis
869 2943 904 3006 td
927 2943 961 3006 δ’
983 2941 1059 3008 αὖτε
1087 2943 1138 3006 καὶ
1159 2961 1239 3007 παν-

100 3051 188 3116 άθλιε
212 3051 266 3134 qui
289 3053 460 3137 respondet
483 3053 668 3136 Antigonae
692 3075 815 3116 versus:

252 3171 290 3234 ἰὼ
313 3171 350 3236 ἰὼ
372 3173 593 3252 πολυδάκρυτε
616 3173 652 3236 cd
674 3209 725 3246 -,

97 3325 164 3367 non
186 3307 295 3388 potest
316 3327 381 3370 non
404 3307 596 3389 depravatus
620 3327 697 3370 esse.
743 3305 791 3369 De
814 3305 1013 3370 Lachmanni
1037 3309 1143 3370 autem
1167 3327 1239 3370 oon-

96 3414 221 3478 iectura
250 3415 287 3478 nu
315 3417 407 3482 πόλει
435 3417 570 3496 bancort
598 3417 634 3481 cd
664 3415 858 3480 imbecillum
886 3417 935 3478 est
957 3413 1133 3480 Wellaueri
1161 3415 1238 3479 iudi-

97 3525 197 3606 cium3
232 3545 308 3588 nam
329 3547 395 3590 non
416 3525 510 3590 modo
534 3527 636 3608 certa,
667 3526 720 3589 sed
749 3547 790 3590 ne
818 3525 994 3590 tolerabilis
1017 3525 1144 3610 quidem
1171 3530 1237 3590 est:

95 3633 355 3718 quandoquidem
383 3635 417 3698 iu
445 3658 500 3700 suo
529 3636 618 3699 luctu
647 3635 876 3700 moestissimae
906 3640 1074 3700 versantur
1104 3657 1236 3719 sorores,

95 3766 201 3828 neque
231 3749 346 3809 curant
373 3745 460 3809 urbis
488 3745 664 3810 tristitiam.
710 3745 835 3810 Deinde
863 3743 1081 3810 Blomfieldius
1109 3769 1148 3810 ex
1174 3769 1238 3811 uno

96 3853 368 3938 Guelferbytano,
399 3855 506 3920 codice
533 3856 774 3920 mendosissimo
797 3860 828 3919 et
851 3859 887 3920 ut
909 3855 1033 3920 videtur
1056 3877 1093 3921 11
1117 3857 1237 3921 Aldina

95 3963 238 4028 editione
261 3963 429 4050 descripto,
453 3965 493 4030 αὖ
516 3966 638 4050 recepit
660 3987 717 4049 pro
740 3965 826 4042 αὖτε,
850 3971 944 4050 atque
960 3965 1147 4050 Antigonae
1169 3989 1236 4030 ver-

94 4074 232 4138 siculum
254 4073 289 4137 in
311 4073 568 4139 dochmiacorum
591 4097 793 4140 nummorum
816 4077 954 4160 speciem
978 4078 1023 4140 sic
1046 4075 1187 4161 redegit:

250 4201 290 4264 Ἀ.
329 4201 366 4266 ἰὼ
389 4203 589 4284 πανδάκρυτε
611 4205 655 4269 cd.

249 4313 276 4374 Ἰ.
321 4313 356 4375 co
379 4313 412 4374 δ’
435 4311 475 4377 αὗ
499 4315 548 4378 καὶ
570 4315 732 4380 πανάθλιε.
