2954 5134
442 385 487 432 uu
510 384 580 432 ono
605 385 648 432 ur
671 384 812 432 oureus.
1134 369 1197 434 585

84 535 237 602 discedunt.
280 535 369 612 Quod
392 537 519 622 quidem
542 559 614 602 vere
642 539 779 602 sentiam
807 560 850 602 an
872 559 978 621 secus,
1003 539 1049 603 sio
1072 539 1196 623 potissi·

83 667 154 710 mum
180 648 357 730 apparebit,
387 652 438 730 ut,
468 649 495 712 si
518 648 601 712 forte
623 647 753 712 edendis
775 648 839 712 illis
862 648 1093 732 Etymologiois
1116 649 1196 712 inte·

81 756 138 840 gris
157 777 264 840 operae
288 758 424 842 pretium
452 779 518 822 non
541 758 610 822 fieri
632 758 734 822 visum
756 759 869 841 fuerit,
895 761 979 822 certe
1002 781 1066 822 una
1089 758 1196 842 aliqua

82 865 173 929 littera
200 888 236 930 ex
264 867 400 952 singulis
423 867 545 952 Regiae
571 868 784 932 bibliothecae
812 868 973 932 codicibus
1002 868 1196 932 transcriba-

80 978 123 1037 tur
150 977 286 1061 integra,
325 978 464 1062 itemque
504 978 655 1042 continua
688 978 794 1062 aliqua
828 979 985 1062 particula
1018 977 1196 1046 Aristarchi

81 1083 208 1168 minoris,
236 1091 271 1150 ut
299 1087 387 1152 cuius
414 1089 564 1155 κανόνων
591 1089 751 1168 θηςαυρόν
770 1111 870 1170 prope
891 1099 982 1153 tolum
1005 1095 1100 1153 inesse
1124 1093 1196 1170 Elp-

78 1201 205 1273 molopr'co
231 1217 342 1277 mopso
369 1197 533 1260 Bekkerus
560 1199 819 1288 narretyAnecd.
844 1198 892 1262 111
920 1221 951 1282 p.
980 1199 1075 1280 14003
1107 1219 1196 1281 prae·

79 1305 153 1368 terea
173 1310 275 1372 eutem
298 1329 336 1370 ex
358 1306 489 1392 reliquis
517 1307 610 1372 lexici
639 1308 754 1372 litteris
782 1309 928 1372 omuibus
951 1307 1124 1392 diligenter
1145 1329 1196 1370 ex-

79 1419 210 1496 cerpatur
228 1417 379 1502 quidquid
402 1417 487 1481 inest
508 1418 828 1482 testimoniorum
851 1417 892 1482 od
908 1421 1051 1481 veterum
1066 1418 1197 1481 nomina

77 1527 341 1606 grammaticorum
362 1527 587 1611 spectantium,
611 1528 646 1592 in
661 1529 822 1611 impressis
844 1532 951 1592 autern
966 1527 1197 1612 Etymologiois

77 1631 319 1702 desideratorum.
350 1638 435 1703 Nam
458 1659 498 1700 ne
520 1636 581 1701 hoe
604 1637 730 1721 quidem
752 1660 865 1722 genus,
889 1639 923 1702 in
946 1659 1007 1722 quo
1030 1642 1196 1721 praestan-

77 1741 113 1804 tia
129 1742 341 1810 Parisinorum
364 1747 506 1812 codicum
530 1748 685 1832 imprimis
709 1749 901 1830 continetur,
926 1747 1090 1811 Belrkerus
1112 1746 1196 1810 vide-

75 1853 127 1933 tur,
148 1860 299 1936 quantum
321 1857 449 1941 quidem
470 1857 594 1922 conicio
616 1879 654 1922 ex
677 1857 803 1923 indiciis
826 1858 910 1922 haud
932 1856 1101 1942 ambiguiS,
1126 1878 1197 1920 cum

76 1961 233 2041 pulvisculo
261 1971 298 2030 ut
325 1967 417 2031 oiuut
444 1967 580 2031 voluisse
613 1969 791 2051 absolvere3
824 1990 959 2052 quocum
992 1967 1197 2032 coniunctum

75 2075 123 2148 est,
144 2076 222 2158 quod
245 2077 346 2141 multo
367 2077 473 2141 minus
495 2099 576 2160 quoe
599 2077 789 2141 omittentur
812 2077 845 2142 in
869 2076 1042 2160 Parisinis,
1071 2076 1197 2141 adiecta

74 2199 104 2241 ea
117 2181 148 2244 iu
162 2183 376 2270 Sylburgiano
399 2187 553 2270 exemplo,
577 2187 720 2251 videmur
735 2191 899 2251 enotatum
915 2187 1042 2270 habere,
1067 2185 1197 2250 tametsi

73 2288 152 2355 buius
173 2295 217 2358 rei
239 2317 307 2360 non
336 2297 435 2362 levius
464 2300 513 2360 est
539 2319 635 2381 quam
663 2297 880 2362 accessionum
909 2296 1036 2360 illarum
1058 2317 1197 2360 momen·

72 2399 130 2464 turn
151 2403 189 2467 ad
211 2405 417 2470 iudicandam
441 2406 611 2490 pristinam
633 2407 850 2492 Etymologiei
865 2407 1019 2493 ‚formam

592 2603 665 2684 ee.

143 2735 290 2801 Alteram
321 2757 417 2821 quam
450 2759 546 2820 supra
579 2737 675 2822 attigi
707 2737 931 2801 difficultatem
964 2735 1004 2800 ad
1032 2736 1197 2800 nominum

70 2840 300 2910 similitudinem
327 2851 472 2930 spectare
500 2846 582 2928 dixi,
616 2869 678 2931 qua
705 2847 828 2911 factum
857 2849 906 2910 est
938 2849 973 2909 ut
1000 2844 1078 2909 locis
1104 2846 1197 2909 innu-

70 2955 263 3052 merabilibus
293 2960 551 3039 permutarentur
573 2957 672 3037 Ὠρος
700 2960 733 3020 et
755 2957 884 3038 Ὠρίωνα
923 2956 1010 3021 cuius
1037 2958 1197 3039 permuta-

70 3059 154 3127 tionis
180 3066 329 3150 exempla
356 3067 480 3132 affatim
507 3071 679 3152 suppetent
701 3067 861 3152 deinceps.
907 3065 1067 3130 Pertinuit
1090 3069 1197 3130 autem

69 3171 127 3235 eius
152 3177 269 3241 erroris
300 3179 479 3242 communio
506 3178 604 3242 etiam
632 3177 830 3242 eduliorum
857 3177 989 3242 nomina
1011 3175 1198 3261 grammati-

68 3301 179 3369 corum,
209 3287 320 3371 qualia
349 3291 424 3352 sunt
444 3288 658 3368 Ἡρωδιανὸς,
687 3289 855 3370 (ωρανός,
886 3286 1060 3370 dequibus
1084 3289 1198 3371 agetur

68 3393 151 3468 514.
177 3397 216 3461 16
239 3401 272 3462 et
294 3397 347 3462 20.
392 3397 498 3474 Quid?
519 3398 612 3483 quod,
640 3399 666 3462 si
689 3398 900 3482 grammatica
923 3399 1050 3460 tautum
1072 3397 1197 3460 ratione

67 3521 110 3566 res
131 3511 316 3592 censeatur,
341 3507 485 3592 pr'ofecto
507 3507 588 3572 nibil
612 3508 780 3593 impediat,
809 3506 978 3592 quominus
1000 3507 1093 3570 unius
1116 3506 1196 3570 eius·

68 3610 189 3699 demque
224 3617 366 3682 nominis
399 3619 558 3702 duplicem
589 3618 730 3702 potuisse
763 3619 898 3682 formum
932 3639 1000 3680 esse
1033 3617 1132 3696 Ὠρος
1165 3619 1197 3680 et

67 3723 173 3802 Ὠρίων
197 3731 389 3792 statuamus.
435 3728 522 3804 Quae
549 3727 677 3812 quidem
702 3728 812 3812 opinio
834 3749 1027 3812 quamquam
1048 3726 1229 3794 Harlesiol

67 3831 96 3896 iu
115 3833 253 3902 Fabricii
279 3837 364 3902 Bibl.
388 3860 437 3923 gr.
460 3839 507 3902 Vl
529 3861 560 3922 p.
584 3839 646 3904 603
668 3844 701 3902 et
723 3838 847 3903 Sturzio
869 3837 971 3922 praef.
996 3837 1031 3902 in
1045 3837 1197 3903 Orionem

66 3963 92 4022 p.
109 3943 151 4008 VI
172 3949 279 4033 magis
303 3948 442 4012 levitatis
464 3948 652 4013 administra
675 3949 830 4032 quaedam
851 3949 914 4012 fuit
934 3969 1029 4033 quam
1051 3969 1068 4012 e
1090 3946 1196 4011 sobria

66 4055 105 4117 rei
119 4056 314 4122 iudicatione
330 4062 423 4123 nata:
447 4081 558 4143 reapse
574 4059 659 4123 eninr
675 4060 716 4123 ab
731 4060 792 4123 huo
816 4081 937 4142 caussa,
960 4063 996 4123 ut
1010 4080 1083 4122 mox
1099 4077 1196 4140 appa-

66 4166 155 4244 rebit,
186 4191 315 4252 prorsus
338 4168 393 4232 illa
416 4170 522 4232 alicua
545 4173 608 4233 est:
646 4170 821 4253 aptioribus
844 4174 953 4233 tamen
975 4168 1079 4252 potuit
1101 4189 1196 4252 quam

65 4274 162 4340 allatis
185 4279 347 4344 aSturrio
372 4281 493 4360 Κρόνος
516 4286 549 4343 et
572 4282 716 4360 Κρονίων
739 4281 891 4364 exemplis
913 4279 1042 4344 defendi
1058 4279 1196 4360 Εὔρυτος

65 4389 92 4445 et
113 4388 289 4471 Εὐρυτίων,
318 4391 420 4482 Ἴαςος
447 4395 479 4453 et
507 4392 640 4472 Ἰαςίων,
671 4393 793 4471 Ἴκαρος
816 4395 848 4454 et
871 4389 1025 4469 Ἰκαρίων,
1054 4392 1086 4453 et
1114 4410 1195 4474 quoe
