2990 5140
477 400 514 447 ru
537 399 821 448 anierouunnnn.
1156 391 1219 455 213

69 551 183 635 ipsum
210 551 359 616 'Paetzam
388 552 451 616 alio
478 555 621 636 tempore
654 554 748 617 aliter
780 555 908 620 scholiis
941 557 1005 622 suis
1038 559 1219 642 praefatmu

69 683 145 724 esse
170 663 314 725 credam:
341 683 358 724 e
387 661 500 744 quibus
528 663 782 745 praefationibus
804 686 876 728 cum
901 666 1040 749 priorem
1062 668 1220 752 posuisset

69 771 244 854 librarius,
273 775 385 854 postea
414 771 564 854 alteram,
594 795 689 856 quam
717 773 751 836 in
779 795 902 838 summa
929 797 1032 840 rerum
1060 776 1220 842 intellexit

69 881 346 963 praestantiorem
381 903 464 964 esse,
498 881 643 945 subiecit.
694 883 801 966 Atque
831 884 866 948 in
899 885 996 948 simili
1029 891 1219 970 argumento

69 991 205 1074 saepius
220 1011 254 1054 se
270 994 430 1090 versatum
446 1013 514 1056 esse
529 992 597 1075 ipse
620 990 742 1055 indicat
765 992 814 1056 his
829 993 935 1057 verbis
950 1015 982 1077 p.
1002 996 1072 1078 113,
1090 996 1124 1059 7:
1146 997 1218 1075 περὶ

69 1107 222 1180 ποιητῶν
248 1101 401 1167 πολλάκις
428 1101 501 1180 ὑμῖν
523 1102 709 1181 ἐδιδάξαμεν
737 1103 787 1168 καὶ
814 1105 885 1182 περὶ
913 1107 969 1183 τῆ(
992 1105 1147 1185 ἀγοραίας
1169 1107 1219 1170 καί

69 1211 259 1288 ἀγυιατίδο(
280 1211 447 1296 κωμῳδία(
470 1233 537 1295 sqq.

160 1321 274 1404 Itaque
298 1343 369 1385 cum
391 1321 468 1384 duos
494 1321 667 1385 habeamus
689 1321 823 1385 'Paetzae
853 1324 1114 1406 commentarium
1143 1347 1218 1408 quo·

69 1453 145 1494 rum
176 1453 301 1494 summa
335 1435 383 1494 est
414 1435 446 1494 et
479 1452 550 1494 cum
577 1431 616 1495 iis
649 1453 730 1515 quae
762 1453 779 1494 a
809 1432 916 1495 codice
943 1431 1090 1496 Parisino
1118 1432 1219 1498 edidit

70 1541 247 1606 &amerus
271 1539 393 1604 Anecd.
417 1539 519 1604 Paris.
536 1540 552 1604 l
567 1563 598 1623 p.
615 1541 636 1604 3
651 1563 737 1624 sqq,
761 1541 891 1624 repetiit
905 1541 1083 1606 Meinekius
1098 1543 1216 1626 fragm.

71 1673 158 1714 com.
182 1671 290 1734 graec.
314 1649 346 1713 Π
368 1673 399 1734 p.
427 1650 508 1714 1234
529 1671 615 1734 sqq,
645 1650 734 1713 etin
756 1651 862 1734 aliqua
890 1653 981 1733 parte
1004 1673 1074 1714 cum
1097 1652 1217 1715 scholio

71 1759 229 1824 Plautino
256 1783 275 1822 a
304 1758 481 1823 Ritschelio
509 1759 598 1822 edito'
622 1759 811 1843 similitudo,
841 1759 1018 1844 quaeritur,
1048 1782 1109 1844 quo
1137 1759 1217 1826 haec

69 1870 138 1932 tria
167 1869 296 1932 vinculo
324 1869 409 1932 inter
438 1890 472 1932 se
500 1868 736 1932 contineantur.
785 1867 870 1932 Nam
898 1891 969 1932 cum
998 1873 1071 1952 post
1097 1869 1218 1933 editum

70 1979 261 2042 Parisinum
288 1980 361 2059 περὶ
387 1979 553 2064 κωμῳδία(
586 1979 832 2062 grammaticum
864 1999 983 2064 magna
1017 1979 1101 2042 inter
1133 1979 1217 2044 viros

71 2089 188 2152 doctos
204 2091 283 2151 nata
306 2088 349 2152 sit
370 2088 542 2170 dissensio,
567 2087 638 2152 aliis
654 2109 692 2151 ex
707 2087 762 2152 illo
778 2087 848 2172 ipso
862 2087 1047 2152 Plautinum
1063 2087 1217 2153 scholium

71 2199 208 2262 ductum
231 2219 299 2262 esse
315 2197 512 2262 confidenter
526 2197 777 2280 affirmantibus,
802 2197 874 2262 aliis
890 2219 907 2261 e
923 2197 1081 2262 communi
1097 2201 1216 2262 utrum·

70 2329 135 2392 que
163 2307 256 2371 fonte
283 2307 476 2388 derivatum,
505 2307 658 2371 maiorem
686 2309 792 2370 autem
814 2305 956 2370 Plautini
984 2306 1096 2370 scholii
1122 2307 1217 2370 fidem

71 2439 145 2480 esse
169 2417 347 2481 aientibus:
370 2439 390 2480 a
405 2439 466 2500 qua
490 2416 616 2500 quidem
638 2417 695 2480 lite
712 2415 874 2480 excusatio
889 2415 981 2480 nobis
1004 2416 1142 2498 petenda
1157 2419 1215 2498 est,

71 2527 99 2590 si
122 2525 280 2590 insimili
303 2529 493 2611 argumento
515 2525 650 2609 diutine,
674 2547 769 2609 quam
792 2547 850 2608 pro
864 2547 970 2588 rerum
993 2525 1135 2589 exilitate
1157 2547 1218 2608 par

71 2640 162 2716 erat,
186 2635 306 2698 versati
329 2657 397 2700 esse
412 2635 603 2700 videbimur:
625 2634 706 2699 haec
724 2634 832 2698 omnia
847 2635 912 2698 iam
933 2633 1060 2698 facilius
1076 2655 1093 2698 e
1109 2633 1217 2699 codice

74 2745 293 2809 Ambrosiauo
314 2744 490 2809 iudicatum
511 2745 551 2808 iri
574 2765 748 2828 speramus.

161 2855 270 2938 Atque
292 2853 331 2918 de
351 2853 536 2918 Parisino
557 2854 684 2938 quidem
706 2854 917 2939 grammatico
939 2853 1102 2917 difficilior
1123 2875 1216 2937 quae-

73 2966 149 3027 stio.
188 2963 274 3028 Nam
297 2965 324 3028 si
347 2969 433 3029 recte
454 2963 548 3028 modo
570 2965 787 3048 argumentati
810 2984 879 3027 essa
901 2963 1100 3050 putabimur,
1123 2965 1218 3026 enmt

74 3074 230 3156 fortasse,
261 3073 314 3157 qui
342 3073 473 3138 tertiam
495 3073 630 3137 Tzetzae
657 3073 890 3157 praefationem
918 3073 973 3136 illa
1001 3071 1217 3156 disputatione

74 3180 238 3247 contineri
261 3182 380 3247 dicant.
426 3183 484 3248 Oui
507 3181 686 3246 sententiae
709 3182 901 3266 praesidium
929 3181 995 3265 peti
1017 3183 1124 3265 potest
1145 3203 1217 3244 cum

73 3315 113 3356 ex
143 3293 184 3356 iis
213 3292 419 3356 Ambrosiani
448 3292 565 3356 codicis
593 3291 714 3374 verbis,
751 3313 831 3376 quae
859 3291 894 3354 in
920 3295 1062 3354 nostram
1092 3293 1216 3374 partem

73 3401 171 3466 modo
186 3403 391 3486 interpretati
414 3425 521 3466 sumus
544 3401 672 3486 (quibus
687 3401 726 3464 de
749 3401 869 3464 forensi
885 3399 1062 3483 comoedia,
1086 3398 1118 3463 id
1134 3399 1216 3482 quod

73 3512 116 3575 ab
139 3511 236 3575 initio
257 3510 398 3576 Parisini
417 3511 638 3575 commentarii
660 3509 728 3574 lieri
749 3510 909 3594 videmus,
933 3509 996 3572 alio
1017 3513 1160 3592 tempore
1183 3531 1216 3572 sa

74 3621 260 3704 exposuisse
283 3621 406 3685 indicat
427 3621 588 3704 scriptor),
618 3623 686 3684 tum
718 3641 755 3683 ex
779 3619 829 3683 hia
851 3617 990 3682 Parisini
1012 3617 1217 3703 grammatici

74 3731 183 3794 verbis
212 3753 243 3814 p.
275 3731 357 3796 1235
385 3730 483 3794 Mein.
514 3731 630 3808 γέγονε
658 3733 693 3794 δὲ
720 3734 776 3808 τῆ(
809 3732 866 3808 μὲν
894 3730 1022 3810 πρώτη(
1048 3728 1217 3812 κωμῳδία(
1236 3745 1284 3796 rao

73 3841 204 3921 ἄρατο(
230 3841 374 3920 τεχνίτης
401 3839 496 3912 αὑτό(
524 3861 558 3905 τε
582 3839 809 3921 Ἀρνετοφάνηε
834 3839 884 3903 καί
906 3837 1040 3902 Εὔπολις
1063 3838 1113 3902 καὶ
1136 3838 1215 3917 Κρα-

73 3955 180 4030 τῖνος,
204 3971 285 4032 quae
300 3949 340 4013 ad
362 3949 596 4032 praefationem
612 3946 838 4031 Aristophanis
860 3947 939 4011 haee
954 3947 1114 4030 pertinere
1130 3949 1216 4009 certo

75 4059 235 4123 indicant.
273 4058 408 4123 Accedit
429 4063 610 4142 praeterea,
634 4055 716 4142 quod
732 4055 896 4120 Heliodori
912 4056 950 4120 de
966 4055 1105 4118 Homero
1121 4057 1216 4136 atque

76 4168 249 4232 Pisistrato
270 4168 424 4251 ineptias,
448 4167 561 4252 quibus
577 4171 673 4236 autea
696 4187 729 4230 se
751 4166 785 4229 in
801 4187 939 4229 errorem
961 4163 1125 4227 inductum
1148 4183 1215 4226 esse

76 4278 200 4341 fatetm
221 4277 355 4360 Tzetza,
378 4277 431 4342 hic
453 4280 607 4360 tanquam
629 4296 704 4340 vera
719 4278 867 4338 narratas
890 4294 958 4336 esse
980 4271 1132 4336 videmus.
1171 4273 1216 4336 At

77 4408 154 4450 vcro
168 4387 277 4450 obstet
291 4385 576 4451 Ambrosianorum
598 4384 831 4470 prooemiorum
847 4382 1059 4470 comparatio,
1083 4404 1215 4466 quorum
