2954 5134
278 329 340 394 576
567 344 830 392 enononoervn
852 341 1136 390 vrnnonorsnss.

280 521 354 562 casu
378 497 487 561 avulsa
516 501 548 560 et
571 500 810 581 praeposterum
839 496 873 559 in
901 497 1005 560 locum
1034 495 1210 576 inculcata,
1238 515 1301 558 curn
1318 491 1383 576 regis

279 608 429 672 Hieronis
451 629 518 672 non
540 629 632 691 posse
655 629 723 672 esse
746 607 998 691 intellegeretur,
1021 609 1141 670 temere
1163 606 1267 669 fictum
1287 604 1383 682 ὁμώνυ-

279 741 340 800 μον
363 724 581 803 procrearunt.

365 829 479 894 Adhue
507 830 658 914 quoniam
686 829 721 892 in
752 827 983 913 redarguendis
1014 825 1178 901 ,erroribus
1212 823 1337 888 maxima
1359 843 1385 884 er

279 944 370 1025 parte
393 941 510 1004 versati
534 963 656 1022 smnus,
680 940 788 1022 placet
809 961 896 1003 nune
917 939 953 1001 in
975 937 1219 1001 fructuosiorem
1240 936 1333 1000 locum
1350 953 1387 995 ex·

279 1051 424 1136 spatiari.
471 1050 563 1116 Subit
596 1050 681 1114 enim
709 1050 834 1132 mirari,
869 1048 954 1112 unde
986 1052 1080 1112 tanta
1111 1045 1388 1131 apophthegmatun
1461 1105 1462 1110 ,

279 1163 463 1244 multitudo,
496 1163 542 1224 ab
565 1161 663 1244 ipsis
692 1159 921 1224 auctoribus
950 1181 1025 1223 non
1048 1159 1199 1241 scripto
1221 1154 1389 1220 mandato

280 1295 376 1355 rum,
411 1272 476 1335 sed
509 1271 597 1335 viva
632 1293 725 1335 voce
759 1270 1129 1353 pronuntiatorum,
1167 1261 1389 1332 manaveritad
1461 1289 1462 1364 }

280 1383 456 1465 posteriora
479 1382 605 1444 saecula
628 1386 723 1464 atque
752 1381 831 1444 adeo
853 1381 983 1444 infimae
1006 1380 1121 1444 aetatis
1145 1378 1277 1462 rivulos,
1302 1375 1389 1460 quibu

280 1493 406 1576 quidem
429 1492 637 1575 plurimorum
659 1492 809 1555 notitiam
831 1491 907 1556 solis
930 1491 1090 1555 debemus.
1129 1468 1178 1554 De
1200 1489 1309 1574 quibus
1327 1491 1390 1548 vete
1461 1507 1462 1548 i

280 1603 324 1665 ris
347 1602 524 1684 sapientiae
547 1601 673 1684 rivuliS,
709 1623 841 1686 quorum
870 1603 998 1686 quidam
1026 1601 1189 1686 publicam
1217 1599 1316 1662 lucem
1333 1615 1391 1658 non·

281 1713 355 1776 dum
382 1711 547 1795 viderunt,
576 1713 647 1776 vide
675 1717 803 1795 praeter
831 1713 943 1777 Orellii
973 1713 1008 1776 in
1031 1711 1192 1795 Opuscnla
1227 1709 1391 1774 Graeeomn
1461 1701 1462 1706 ’

280 1823 478 1886 sententiosa
505 1827 538 1886 et
565 1823 698 1885 moralia
726 1822 943 1906 praefationes
972 1821 1154 1885 Fabricium
1182 1819 1265 1884 Bibl.
1293 1839 1336 1904 gr.
1359 1812 1392 1880 Ll

280 1956 311 2016 p.
337 1933 397 1998 758
420 1955 488 2017 sqq.
512 1932 603 1996 Harl.
650 1932 860 2015 Supersedere
884 1935 990 1996 auteur
1012 1932 1126 2015 opinor
1153 1931 1209 1995 illa
1232 1928 1393 2015 quaestione

280 2065 459 2126 possemus,
494 2044 522 2106 si
550 2043 594 2105 de
617 2042 811 2126 Diogenis
840 2044 1041 2127 potissimum
1064 2042 1219 2106 Laertii
1241 2038 1394 2104 fontibus

281 2175 300 2216 a
322 2175 479 2236 quoquam
502 2156 584 2217 esset
607 2153 780 2237 diligenter
803 2153 997 2237 quaesitum:
1036 2153 1124 2216 errius
1146 2153 1192 2216 rei
1215 2173 1257 2216 ne
1278 2150 1311 2214 in
1329 2167 1394 2212 mea·

280 2268 346 2327 tem
361 2263 487 2347 quidem
503 2263 592 2326 venit
607 2264 645 2346 ei,
670 2264 723 2347 qui
746 2265 784 2327 de
800 2263 955 2348 Diogenis
977 2264 1055 2346 vita,
1079 2262 1208 2346 scriptis
1232 2261 1394 2325 stenelo

281 2374 403 2438 ritate
426 2373 633 2438 commentari
650 2373 769 2438 abhinc
784 2375 907 2460 aliquot
922 2396 1024 2439 annos
1038 2373 1182 2437 instituit
1206 2371 1258 2460 [G.
1273 2371 1312 2436 H.
1328 2367 1394 2450 hlip

282 2484 384 2566 pelius
408 2484 441 2547 in
464 2485 538 2548 diss.
563 2485 614 2547 ‘de
630 2485 785 2569 Diogenis
801 2486 837 2550 L.
862 2486 939 2567 vita,
963 2485 1091 2568 seriptis
1114 2488 1210 2568 atque
1233 2483 1268 2546 in
1288 2475 1395 2544 historia

282 2594 501 2677 philosophiae
536 2616 673 2680 graecae
700 2595 869 2659 scribenda
905 2597 1107 2660 auetoritate’
1135 2593 1321 2658 Nordhusae
1343 2609 1395 2674 pre

282 2703 349 2766 dita
373 2725 402 2767 a.
429 2703 533 2792 18311.
579 2705 752 2769 Verissime
781 2705 866 2769 enim
893 2707 927 2769 in
949 2705 1147 2790 tripertitum
1169 2703 1321 2789 Diogenis
1341 2719 1395 2764 eeu·

282 2813 388 2876 silium
412 2814 554 2878 codicum
577 2815 744 2898 inscriptio
767 2815 846 2880 haec
869 2816 1019 2900 quadrat:
1042 2817 1114 2897 περὶ
1137 2815 1229 2896 βίων,
1252 2813 1395 2893 δογμάτων

282 2925 344 2988 καὶ
373 2925 693 3005 ἀποφθεγμάτων
727 2931 793 2992 τῶν
822 2928 857 2992 ἐν
885 2928 1062 3011 φιλοεοφίᾳ
1090 2919 1395 3006 εὐδοκιμηεὰντων.*)

282 3034 394 3117 ltaque
417 3036 524 3118 ampla
554 3039 586 3098 et
607 3037 696 3099 varia
719 3057 908 3120 graecarum
935 3037 1114 3101 litterarum
1141 3036 1250 3120 spatia
1277 3033 1325 3099 ubi
1344 3048 1395 3114 pd-

282 3143 445 3226 metimur,
481 3146 618 3227 primum
646 3146 815 3210 incidimus
843 3147 877 3210 in
907 3147 1056 3232 frequens
1085 3168 1188 3232 genus
1212 3167 1330 3226 eorum,
1356 3136 1396 3222 qui

284 3258 392 3336 βίου(
415 3257 464 3320 vel
487 3259 574 3335 περὶ
597 3259 692 3338 βίων
723 3257 879 3321 clarorum
902 3257 1041 3321 virorum
1064 3257 1236 3341 scripsere,
1271 3257 1305 3319 nt
1324 3247 1395 3316 Anti·

283 3389 385 3451 gonus
408 3367 593 3451 Carystius,
612 3367 838 3450 Aristoxenus,
864 3367 1053 3452 ClearchuS,
1077 3367 1308 3446 Dicaearchus,
1335 3359 1394 3424 Her·

282 3478 418 3560 mippus,
443 3477 574 3560 Satyrus
598 3477 705 3560 etqui
728 3479 795 3542 eius
811 3477 903 3542 Vitas
928 3478 1095 3562 compendi
1116 3478 1197 3542 fecit
1216 3470 1395 3542 Heraclides:

283 3587 422 3670 (diversa
445 3588 530 3651 enim
552 3589 635 3652 ratio
658 3587 844 3672 Chrysippi,
869 3589 1016 3671 Epicuri,
1041 3587 1201 3654 Stratonis
1225 3591 1257 3651 et
1278 3589 1311 3648 ut
1330 3577 1395 3643 vide

282 3699 335 3761 tur
358 3698 575 3782 Xenocratis)
614 3700 785 3782 aquibus,
819 3699 846 3764 si
868 3720 936 3763 rem
959 3702 1101 3782 spectas,
1135 3719 1202 3762 non
1225 3696 1338 3760 distant
1355 3684 1395 3771 qul

286 3889 488 3897 -——-—-

351 4006 375 4069 *)
399 4004 464 4072 [Sua
489 4007 587 4072 sponte
610 4004 731 4074 perspici
753 4007 821 4074 puto
845 4022 901 4061 non
923 4005 952 4058 id
975 4023 1019 4059 me
1044 4004 1135 4072 egisse
1158 4001 1187 4056 in
1206 4003 1244 4057 eis
1263 4015 1325 4068 quae
1339 3992 1395 4047 trihu

285 4098 387 4165 scripta
406 4100 477 4164 sunt,
501 4101 531 4150 ut
550 4115 617 4164 quos
637 4101 764 4153 sanctores
783 4097 843 4168 ipse
860 4097 987 4152 Laertius
1006 4099 1157 4152 tractasset
1176 4096 1343 4166 explorarem.
1357 4081 1394 4136 sol

285 4193 315 4242 nt
333 4189 443 4243 illorum
461 4190 584 4260 ipsorum
597 4195 740 4246 arretorum
759 4194 849 4246 fontes
863 4191 1033 4258 antiquiores
1047 4190 1094 4257 qui
1106 4189 1233 4254 fuissent,
1251 4187 1332 4254 aliqua
1348 4193 1394 4230 tum

284 4282 482 4350 probabilitate
502 4288 757 4340 commonstrarem.
793 4285 835 4338 Illi
858 4285 944 4351 enim,
969 4284 1044 4352 quod
1061 4285 1127 4338 aute
1146 4283 1217 4349 dixi,
1235 4273 1355 4335 desiderio
1369 4286 1394 4321 θ’·

284 4394 354 4428 nunc
374 4377 482 4442 quidum
503 4380 570 4432 sultis
589 4382 692 4432 factum
710 4398 770 4432 esse
790 4382 833 4432 est
851 4397 917 4434 sane
937 4378 1011 4446 quod
1029 4378 1195 4446 doleamus]
