2942 5134
262 335 324 397 426
700 355 745 400 ns
769 354 967 401 acnrnoms

263 503 372 567 dorum
396 507 478 588 apud
502 506 676 569 Diodorum
699 506 788 588 XIII,
816 507 874 571 103
895 511 938 588 et,
962 529 1054 591 (luem
1077 513 1206 591 propter
1227 509 1366 572 ratiocina-

262 615 382 677 tionem
405 616 564 699 qnandam
587 639 690 680 nicam
714 617 826 699 adicio,
851 617 1097 682 Eratosthenem
1113 618 1197 701 apud
1211 619 1368 702 scriptorem

262 725 347 787 vitae
370 725 531 809 Euripidis
548 748 585 788 ex
603 727 709 790 codiee
725 727 940 791 Ambrosiano
963 728 1066 792 edItae
1089 729 1130 792 ab
1152 728 1294 792 Elmsleio
1313 745 1367 811 pua

263 834 406 898 Bacchas
435 858 466 918 p.
493 837 562 918 174,
586 837 606 901 5
636 837 698 920 (ed.
723 838 838 922 hips.):
873 838 926 921 qui
956 859 1026 901 cum
1049 839 1134 902 ritae
1157 861 1255 903 annos
1274 837 1368 900 [XXV
1462 901 1463 924 ,

261 945 410 1009 tribuerit
437 946 598 1029 Euripidi,
633 970 698 1010 non
726 946 831 1030 potnit
857 947 921 1010 ullo
948 947 1040 1010 modo
1071 951 1146 1011 ante
1173 949 1214 1012 ol.
1237 947 1370 1026 riolos
1462 933 1463 1014 J

213 1067 243 1114 15
262 1055 401 1118 eiusdem
416 1060 549 1119 mortem
567 1056 736 1120 collocare:
763 1057 904 1140 alioquin
920 1057 1004 1120 enim
1021 1058 1060 1120 ad
1077 1058 1262 1141 explendam
1275 1055 1371 1120 LXXV
1462 1089 1463 1100 κ

262 1187 418 1229 annorum
445 1171 584 1228 aetatem
613 1189 698 1230 anno
727 1167 827 1230 natali
856 1189 934 1250 opus
963 1172 1031 1230 erat
1059 1167 1100 1231 ol.
1125 1167 1256 1232 LXXIV
1280 1174 1372 1252 quarto

261 1275 312 1338 rel
335 1276 440 1356 tertio,
465 1276 503 1337 de
519 1298 579 1358 quo
602 1281 711 1340 tamen
734 1277 894 1340 neminem
916 1277 1032 1341 scimus
1056 1300 1205 1362 umquam
1228 1278 1371 1362 cogitasse,

261 1407 321 1449 nec
349 1407 422 1450 vero
451 1386 491 1448 ol.
524 1385 658 1468 LXXV,
686 1391 718 1468 l,
757 1387 795 1449 de
833 1409 893 1470 quo
930 1388 998 1471 ipso
1033 1389 1236 1452 consentiunt
1259 1387 1372 1450 Thomas

262 1494 434 1579 Magister,
469 1496 597 1559 lllannel
633 1496 871 1580 hloschopulus,
907 1497 972 1560 vita
1005 1497 1234 1579 Ambrosiano,
1271 1496 1372 1562 Snidas.

262 1604 423 1689 Diogenes
447 1605 590 1668 Laertius
612 1605 654 1687 II,
678 1607 719 1670 45
742 1612 774 1670 et
795 1607 986 1671 Plutarchus
1013 1607 1158 1690 Sympos.
1182 1607 1259 1671 VIII
1280 1630 1308 1690 p.
1328 1605 1373 1668 Ili
1461 1625 1463 1664 r

264 1720 287 1778 C
313 1715 388 1798 (vol.
411 1715 460 1778 III
482 1739 514 1798 p.
538 1717 598 1779 9ὁῖ
624 1716 807 1801 Wyttenb.)
835 1717 881 1780 its
904 1717 1097 1800 explicatus,
1126 1717 1174 1779 nti
1200 1718 1316 1781 factum
1339 1728 1373 1777 en
1462 1745 1463 1774 r

262 1825 470 1909 IVesselingii
498 1826 643 1890 acumine
675 1827 714 1890 ad
743 1827 836 1891 Diod.
867 1827 929 1891 Sic.
958 1828 980 1890 l.
1006 1849 1032 1890 c.
1080 1826 1170 1891 Illius
1193 1832 1295 1891 eutem
1315 1825 1375 1888 iudi-
1461 1851 1463 1914 l

263 1935 346 1998 catio
371 1936 614 2017 controversiae,
639 1959 718 2020 qnae
740 1943 788 2000 est
810 1938 849 2001 de
871 1940 972 2002 morte
994 1937 1167 2020 Euripidis,
1192 1940 1260 2001 tota
1281 1935 1375 2020 pendet
1461 1921 1463 1968 l

263 2067 300 2107 ex
323 2046 433 2109 mortis
457 2046 642 2110 definitione
659 2046 882 2130 Sophoclis,
908 2051 942 2111 ut
965 2069 1058 2131 quem
1079 2048 1280 2130 superstitem
1299 2045 1376 2109 fuisse

263 2155 431 2218 viderimus
465 2155 621 2240 Euripidi.
674 2157 822 2240 Sophocli
851 2157 936 2221 enim
963 2157 1074 2221 mortis
1102 2178 1247 2220 corissum
1274 2161 1375 2238 tragos

261 2265 347 2328 diam
368 2266 476 2348 fnisse,
501 2269 628 2348 praeter
648 2267 831 2350 Diodorum,
855 2266 1019 2331 Valerium
1042 2266 1227 2348 Maximum,
1252 2266 1376 2348 Satymffl

261 2375 525 2458 Peripateticum,
556 2381 717 2439 anctorem
740 2378 825 2440 vilae
854 2376 1041 2459 Sophocliae
1064 2379 1096 2440 et
1118 2375 1274 2440 Thomam
1295 2373 1376 2456 Magi·

261 2488 372 2568 strum,
396 2509 473 2570 quos
497 2487 755 2550 commemoravit
778 2486 967 2568 Boeckhius,
998 2487 1094 2550 etiam
1117 2485 1242 2550 Plinius
1265 2489 1377 2550 testatur
1460 2539 1462 2548 ,

262 2593 337 2656 Nat.
368 2595 442 2658 hist.
467 2596 528 2659 VII
559 2619 584 2659 c.
609 2598 650 2660 53
680 2595 711 2680 IS
738 2596 826 2682 lSOl,
856 2600 889 2659 et
917 2597 943 2658 si
971 2596 1173 2680 Lessingium
1200 2617 1327 2680 sequare
1349 2593 1377 2654 de
1460 2625 1462 2690 p

264 2703 460 2788 anthologia
489 2727 606 2788 graeca
635 2730 665 2788 p.
689 2707 751 2769 283
774 2729 841 2790 sqq.
867 2707 941 2792 (Op.
966 2707 1027 2769 rol.
1051 2706 1097 2790 I),
1132 2705 1307 2770 Simonides
1327 2705 1376 2766 An·

262 2811 425 2898 thologiae
454 2815 557 2878 Palat.
585 2816 660 2896 VII,
684 2818 741 2897 20,
772 2816 904 2879 Sotades
911 2867 920 2897 ,
948 2817 1106 2879 Lucienus
1134 2816 1184 2878 rel
1211 2816 1377 2900 quicumque

263 2928 373 2986 arrctor
396 2929 444 2987 cst
468 2927 670 3008 Μακροβίων,
696 2927 833 3008 Itemque
856 2926 938 2988 Ister
961 2929 992 2988 ct
1008 2925 1172 2988 Neanthes
1195 2925 1279 3008 apud
1300 2923 1376 3004 scrip·

261 3035 362 3095 torem
385 3034 469 3097 vilae
493 3035 667 3117 Sophoclis.
698 3036 766 3099 Ista
788 3039 894 3098 autem
916 3035 1083 3119 tragoedia
1105 3035 1170 3098 sive
1194 3035 1230 3098 in
1251 3053 1376 3098 scaenam
1460 3117 1461 3124 ἵ

262 3145 310 3204 est
337 3143 490 3225 producta
513 3145 579 3207 sive
601 3145 736 3208 recitata
768 3149 909 3222 tantum,
944 3167 1025 3228 qnae
1058 3143 1185 3228 quidem
1216 3142 1378 3228 diligentior
1460 3187 1461 3232 ,

262 3251 386 3314 videtur
413 3255 555 3316 narratio
584 3277 651 3317 esse
674 3254 780 3337 Satyri
803 3260 835 3318 et
858 3256 991 3318 aliorum
1019 3255 1233 3338 quorundam,
1268 3272 1377 3337 quonnn

262 3362 392 3425 nomina
426 3363 510 3426 ritae
541 3364 729 3447 Sophocliae
758 3365 894 3447 scriptor
929 3365 1070 3428 reticuit:
1108 3385 1170 3426 non
1203 3368 1305 3446 potest
1329 3361 1376 3422 ulls

262 3472 385 3534 ratione
408 3473 503 3536 tertio
526 3496 611 3536 anno
634 3474 824 3558 olympiadis
850 3474 955 3538 >icoo
982 3473 1088 3537 tribui.
1134 3472 1221 3537 Nam
1245 3496 1311 3537 cnm
1330 3469 1376 3534 Ga·

262 3582 397 3644 melione
430 3605 553 3665 mense,
588 3608 649 3668 (pun
682 3584 791 3647 Ranas
824 3584 931 3647 docent
953 3583 1200 3666 Aristophanes
1237 3584 1301 3646 rita
1329 3581 1376 3642 iarn

263 3691 407 3753 cessisset
440 3692 626 3776 Sophocles,
661 3695 810 3778 qnoniam
843 3696 881 3757 de
914 3693 1064 3774 Lenaeis,
1101 3693 1312 3757 Anthesteriis
1341 3687 1376 3748 vel

262 3801 389 3884 rnagnis
412 3801 574 3885 Dionysiis
602 3827 642 3867 ne
672 3805 806 3888 cogitari
835 3803 962 3887 quidem
989 3807 1109 3886 potest,
1139 3802 1207 3866 sola
1231 3810 1375 3886 supersunt

263 3911 380 3973 ruralia
403 3912 568 3994 Dionysia.
614 3914 701 3987 Quae
729 3915 788 3976 etsi
817 3935 944 3996 prorsus
972 3913 1051 3975 latet
1079 3913 1192 3995 quibus
1215 3907 1376 3976 Posideonis

263 4021 371 4083 dicture
395 4024 466 4084 acta
490 4023 570 4100 sint,
595 4027 719 4103 tamen,
744 4025 867 4086 etiarnsi
892 4024 960 4107 ipso
982 4024 1099 4086 mensis
1121 4023 1216 4086 initio
1241 4022 1375 4085 celebrata
1458 4091 1459 4102 ,

263 4130 342 4207 sint,
372 4131 472 4195 nihilo
496 4133 598 4215 magis
624 4133 854 4215 Aristophanes
883 4134 987 4216 potent
1010 4133 1175 4217 Sophoclis
1197 4139 1324 4196 mortem
1343 4127 1376 4188 ila
1458 4115 1459 4180 i

263 4261 518 4323 commemorare,
553 4247 588 4304 ut
615 4243 692 4305 l'ccit
720 4245 754 4305 in
778 4243 894 4321 ltanis,
930 4265 1010 4326 qnae
1038 4243 1148 4306 fabula
1180 4242 1265 4306 illius
1295 4248 1376 4301 morie

262 4354 423 4434 tamquam
453 4353 661 4415 frmdamento
695 4353 818 4417 nititur.
867 4353 990 4436 llnippe
1022 4375 1134 4435 parum
1168 4351 1312 4416 credibile
1339 4353 1375 4406 est
1456 4338 1457 4378 ³
