2954 5134
426 367 474 414 nn
497 367 567 414 oso
592 367 635 414 av
658 367 800 414 omomr.
1122 351 1184 414 609

66 506 270 604 Etpmologicis
292 519 476 584 referuntur
498 521 532 583 in
555 524 665 584 nostro
687 519 789 583 lexico
812 541 877 582 non
902 521 1045 602 reperta,
1076 541 1183 582 eorum

66 651 97 692 ne
116 651 174 692 nna
194 629 317 714 quidem
339 630 464 694 notatio
486 629 697 714 utrobique
720 629 849 693 exstat?
886 627 977 692 Itane
999 629 1065 692 ullo
1088 635 1183 713 pacto

66 737 202 802 credibilis
228 739 362 803 duorum
390 739 555 804 hominum
583 739 739 804 dissensio
761 761 885 803 summa
906 739 1042 803 eundem
1067 738 1183 803 libmm

64 849 290 931 usurpantium?
319 849 437 924 Quodsi
461 849 553 912 huius
576 871 699 934 quoqne
720 849 785 913 vim
808 849 991 932 argumenti
1013 849 1183 934 impugnes

63 958 251 1040 pertinacius,
282 963 377 1043 atque
400 959 541 1042 pontisse
565 960 606 1023 ab
628 959 859 1043 Excerptorum
883 959 1063 1023 auctoribus
1086 960 1183 1023 simil-

62 1066 157 1130 limum
177 1073 285 1132 nostro
308 1069 437 1132 Orionis
460 1069 600 1132 codicem
624 1070 773 1150 tractari,
804 1070 837 1133 in
865 1091 927 1153 qno
954 1069 1018 1132 iam
1040 1073 1109 1132 tum
1131 1069 1182 1133 de-

62 1175 258 1242 siderarentur
279 1179 575 1264 Etymologicorum
597 1179 652 1242 illa
675 1179 910 1260 additamenta,
939 1179 1083 1264 argutius
1106 1202 1183 1244 sane

63 1307 154 1368 crepes
178 1311 273 1372 qnam
301 1289 497 1372 probabilius
527 1279 723 1354 contendam
748 1294 782 1353 at
809 1291 870 1354 duo
898 1289 947 1352 vel
981 1290 1027 1353 sio
1060 1293 1185 1354 restant

61 1402 244 1480 argumenta,
276 1399 459 1483 significata
487 1400 542 1464 illa
564 1400 629 1463 iam
652 1403 672 1480 ξ
697 1403 753 1482 11,
781 1399 916 1463 alterum
940 1399 979 1462 ad
1002 1399 1106 1482 ipsam
1128 1421 1183 1463 no

60 1505 198 1571 tationum
213 1508 354 1572 indolem
369 1509 613 1591 grammaticam
629 1509 809 1593 pertinens,
834 1513 956 1572 aterum
978 1509 1019 1572 ad
1034 1531 1143 1592 parem
1157 1511 1182 1574 Α

60 1613 170 1680 litterae
197 1619 323 1702 copiam
350 1619 520 1684 illiusmodi
550 1621 838 1684 additamentormn
866 1623 961 1703 atque
988 1619 1182 1703 reliquarum

59 1721 219 1792 litterarum
258 1730 437 1812 penuriam.
493 1729 595 1806 Quam
632 1731 665 1794 in
702 1751 769 1794 rem
807 1729 899 1794 nobis
936 1729 1011 1794 licet
1048 1730 1184 1794 eundem

57 1831 131 1898 illum
151 1837 374 1904 Tittmannnm
402 1841 574 1923 antestari,
604 1841 657 1925 qni
685 1840 837 1904 maiorem
863 1839 1024 1924 quandam
1046 1840 1183 1904 brevita-

58 1944 108 2006 tem
128 1949 392 2034 notationnmqne
413 1951 604 2014 tenuitatem
627 1951 661 2014 in
684 1955 860 2034 postremas
882 1949 987 2033 potius
1010 1951 1183 2014 lexicorum

58 2050 163 2120 litteras
190 2059 293 2123 solere
324 2083 419 2143 qnam
448 2061 482 2124 in
515 2061 637 2144 priores
670 2063 783 2124 cadere
812 2060 975 2124 verissime
1003 2061 1184 2124 observavit

57 2166 142 2242 praef.
165 2189 194 2250 p.
220 2167 294 2233 XX.
339 2169 466 2234 Indoles
489 2174 596 2234 autem
619 2171 674 2234 illa
697 2171 908 2254 grammatica
932 2192 1003 2234 cum
1025 2153 1183 2253 duplicem

56 2271 108 2336 vim
126 2275 260 2361 habeat,
290 2283 327 2342 ut
355 2283 410 2342 aut
438 2281 494 2345 Ori
522 2303 590 2344 esse
619 2283 675 2344 aut
697 2281 826 2344 Orionis
854 2301 919 2344 non
948 2302 1016 2342 esse
1046 2281 1183 2343 notatio-

55 2403 117 2446 nem
146 2409 307 2472 qnamque
340 2392 451 2472 cogat,
489 2389 542 2454 hic
574 2391 701 2474 quidem
734 2391 869 2454 alterum
901 2392 1028 2452 tautum
1061 2389 1183 2453 idoneis

54 2495 190 2577 exemplis
213 2499 356 2564 breviter
378 2500 557 2564 declarabo.
603 2500 733 2564 Etenim
762 2522 843 2584 quac
872 2521 909 2562 ex
933 2499 1060 2564 Orionis
1083 2499 1184 2562 lexico

54 2604 251 2692 etymologico
282 2609 435 2673 excidisse
464 2609 617 2692 volueris,
653 2632 691 2674 ea
721 2611 865 2693 profecto
898 2613 1024 2692 oportet
1052 2609 1086 2671 in
1115 2609 1184 2692 ipso

53 2731 157 2792 genere
179 2718 396 2802 etymologico
418 2725 595 2784 versentur.
633 2719 775 2794 Quocum
797 2720 877 2783 scire
901 2720 993 2802 cupio
1015 2718 1090 2802 qnid
1113 2721 1184 2782 tan-

51 2818 112 2886 dem
133 2847 302 2892 commune
330 2829 472 2894 habeant
494 2829 606 2892 harum
635 2851 748 2894 vocum
771 2829 1016 2912 explicationes,
1051 2850 1184 2913 quarum

50 2929 180 3016 dignas
209 2938 304 3002 sedes
333 2961 429 3022 supra
458 2940 662 3024 consignavi:
691 2941 840 3020 ἄγγαροι,
874 2939 1019 3018 ἀγγρίαε,
1048 2938 1181 3014 ἀγωνία,
1201 2951 1233 2997 ν,

50 3037 174 3124 ἀθετεῖν,
199 3049 359 3129 Ἀθριβήε,
384 3051 491 3130 Ἀθύρ,
514 3051 637 3127 Αἴλιοι,
661 3053 815 3132 βααάρα,
839 3048 931 3112 aliae.

565 3249 585 3326 ξ
611 3247 660 3311 14.

121 3375 282 3450 Quoniam
306 3380 346 3442 ab
369 3381 429 3444 hac
452 3385 543 3464 parte
566 3381 650 3444 viam
673 3401 769 3464 supra
790 3383 1002 3444 monstratam
1024 3377 1102 3441 satis
1117 3399 1184 3440 mn-

47 3481 154 3550 nivisse
176 3488 342 3570 videmur,
372 3489 529 3573 reliquum
552 3495 601 3554 est
623 3490 756 3554 eandem
784 3495 821 3552 ut
849 3493 961 3553 contra
994 3489 1073 3552 alias
1105 3487 1183 3550 duas

46 3589 256 3663 dubitationes
284 3604 448 3682 tueamur,
487 3623 565 3684 quas
598 3622 615 3663 e
643 3600 781 3684 singulis
809 3599 997 3683 quibusdam
1030 3597 1183 3680 exemplis

45 3722 179 3780 promere
209 3711 299 3774 licet.
345 3711 388 3774 Et
405 3712 553 3794 ⁸primum
581 3710 708 3795 quidem
736 3714 785 3774 ter
812 3709 846 3772 in
874 3708 1097 3793 Etymologico
1126 3707 1182 3788 m,

44 3823 132 3886 semel
156 3823 244 3909 apud
269 3819 427 3886 Zonaram
456 3821 610 3904 scriptum
638 3823 743 3884 exstat
770 3821 869 3900 Ὦρα(
892 3821 910 3884 ὁ
933 3821 1089 3900 Θηβαῖοι,
1118 3817 1184 3882 illic

44 3949 68 3990 ν.
91 3933 302 4014 Ἀβαρνίδα
324 3953 356 4014 p.
380 3932 411 4013 2,
435 3933 475 3995 27
500 3931 638 4014 (adiecto
661 3935 739 3994 adeo
768 3929 1005 4008 ὁέτυμολόγοε
1027 3929 1182 4007 nominet,

41 4038 232 4118 Αἴγυπτος
255 4042 316 4122 29,
344 4043 398 4122 12,
428 4043 537 4121 τελετή
562 4043 639 4124 151,
665 4043 719 4122 11,
749 4039 833 4123 apud
856 4039 942 4104 hunc
965 4062 994 4102 v.
1018 4039 1183 4118 μανόφυλ-

42 4150 95 4214 lov
119 4175 149 4235 p.
177 4153 277 4218 1334.
322 4151 370 4216 De
393 4151 457 4216 Oro
480 4151 633 4216 Thebano
662 4173 733 4214 cum
756 4151 880 4234 pridem
908 4153 1014 4212 aetum
1037 4147 1094 4228 sit,
1123 4145 1183 4209 hoc

40 4265 162 4326 tantum
190 4262 375 4347 quaeritur,
404 4262 461 4326 illo
489 4262 665 4346 quomodo
695 4260 946 4326 commodissime
969 4257 1182 4340 corrigantur.

41 4367 83 4432 ric
105 4372 242 4436 criticae
273 4371 399 4455 quidem
427 4372 489 4435 arti
518 4373 614 4456 louge
642 4371 787 4455 profecto
811 4367 1051 4434 convenientius
1078 4371 1127 4431 est
1150 4367 1183 4430 in

85 4491 128 4528 rr.
147 4491 322 4528 siracusam
341 4491 488 4528 ornacum
506 4493 526 4530 r.
938 4470 980 4534 39
