2942 5134
547 1200 683 1302 XIV.

166 1507 169 1516 Ι
285 1385 339 1479 lle
367 1385 574 1530 agathonis
602 1385 734 1502 trnglcl
764 1385 946 1502 aetate.*)

564 1606 665 1615 --—.

503 1737 665 1793 CAPVT
695 1737 728 1792 V.

129 1857 223 1924 Nova
245 1880 331 1924 nunc
354 1859 478 1923 exsistit
505 1881 604 1943 eaque
627 1857 827 1923 subdifficilis
849 1859 1009 1943 quaestio,
1038 1879 1118 1944 quae
1141 1863 1189 1926 est
1209 1875 1220 1924 1

56 1969 94 2031 de
114 1971 251 2034 aetate
273 1968 510 2054 Agathonis.
555 1969 658 2044 Quam
679 1969 726 2035 sic
748 1968 945 2053 significavit
965 1971 1072 2054 potius
1094 1993 1189 2057 quam

56 2077 214 2164 descripsit
237 2077 459 2164 Praxiphanes
487 2079 571 2164 apud
593 2078 816 2144 Marcellinum
843 2079 879 2144 in
906 2079 973 2144 vita
995 2079 1189 2166 Thucydidis

114 2351 138 2417 *l
161 2348 429 2406 ‘Commentationis
450 2348 486 2404 de
503 2348 658 2418 Agathonis
676 2349 746 2416 vita,
769 2351 830 2404 arte
852 2353 881 2404 et
898 2349 1107 2418 tragoediarum
1127 2349 1189 2404 reli·

57 2443 119 2510 quiis
130 2443 277 2513 particula.
301 2439 390 2507 Quam
405 2441 442 2496 ad
458 2441 569 2497 reniam
584 2442 694 2498 litteras
709 2441 739 2498 in
750 2441 903 2498 Academia
913 2441 1064 2498 Friderioia
1075 2442 1190 2498 Halousi

56 2535 164 2591 docendi
175 2537 230 2592 rite
247 2535 455 2604 impetrandam
473 2535 637 2606 amplissimi
648 2535 880 2606 Philosophorum
892 2535 1004 2590 Ordinis
1022 2535 1189 2592 auctoritate

57 2628 95 2682 die
110 2629 157 2684 XV
175 2649 212 2685 m.
230 2630 303 2698 Aug.
323 2646 347 2684 a.
368 2626 617 2684 clolocccxxlx
635 2629 704 2684 hora
719 2629 745 2682 X
761 2629 872 2698 publice
891 2627 1023 2684 defendet
1040 2629 1069 2684 F.
1089 2629 1121 2684 R.
1141 2629 1188 2698 ph.

57 2723 79 2774 d.
101 2722 172 2778 socio
201 2723 239 2777 ad
261 2721 487 2792 respondendum
509 2723 654 2790 assumpto
676 2721 825 2792 Rudolpho
849 2721 976 2776 Hanovio
998 2721 1099 2776 Semiu.
1128 2739 1186 2791 reg.

57 2815 140 2882 philol.
160 2816 277 2872 seniore.
316 2815 393 2870 Helie
413 2813 554 2870 Saxonum
571 2814 647 2884 typis
666 2831 828 2884 expressum
846 2814 1034 2870 GebaueriisJ
1052 2847 1085 2854 -
1110 2815 1190 2884 [Huic

58 2907 238 2964 dissertationi
264 2925 336 2976 quae
358 2910 419 2962 tum
441 2907 585 2978 praefatus
604 2925 677 2974 sum,
701 2909 791 2964 habeo
809 2925 883 2964 nunc
905 2925 954 2962 cur
970 2906 1043 2962 infra
1060 2907 1190 2964 iteranda

57 3003 170 3072 putetur]

117 3095 204 3163 sum,
227 3111 300 3164 quae
322 3094 394 3149 ratio
417 3096 492 3149 esset
509 3095 639 3163 quodque
662 3094 806 3156 consilium
823 3094 903 3149 hrrius
927 3094 1098 3164 scriptionis,
1122 3095 1190 3150 satis
1208 3099 1239 3150 ΙΙΙ

57 3186 137 3242 indice
153 3188 328 3244 declaratum
346 3189 401 3254 est,
423 3189 520 3242 tamen
537 3203 592 3255 quo
611 3189 640 3242 et
657 3187 834 3243 mirationem
851 3189 986 3256 levarem,
1010 3205 1095 3256 quam
1116 3187 1188 3242 arbi·

58 3281 247 3337 hortatorem
264 3280 538 3351 essenonnullorum
556 3279 591 3336 de
610 3281 731 3336 instituti
748 3279 804 3336 mei
821 3280 982 3350 exiguusc,
1001 3283 1030 3335 et
1047 3281 1189 3350 angustia-

59 3389 111 3426 mm
122 3391 247 3430 meamm
259 3374 428 3444 susciperem
440 3375 654 3442 excusationem,
666 3373 771 3444 placuit
783 3374 966 3444 praefationis
978 3373 1189 3444 opportunitate

59 3465 93 3517 uti
109 3467 223 3536 privatis
242 3466 423 3522 scribentium
440 3467 512 3521 curis
530 3467 693 3522 enarrandis
711 3467 864 3535 autiqrritus
883 3467 1042 3521 constitute.
1079 3465 1189 3520 Etenim

60 3573 105 3625 ego
121 3563 149 3614 et
165 3561 297 3615 librarius
315 3577 377 3614 cum
395 3559 435 3614 sic
452 3559 564 3629 depacti
581 3575 712 3626 essemus,
730 3563 762 3614 ut
773 3560 870 3615 liceret
887 3559 954 3614 mihi
972 3576 1035 3614 eam
1053 3575 1189 3613 commen·

59 3650 163 3707 tationis
186 3655 310 3723 partem,
340 3669 411 3721 quae
435 3655 479 3708 est
502 3653 537 3708 de
559 3653 633 3708 vita
654 3653 862 3722 Agathonis,
893 3651 1068 3722 disceptandi
1092 3668 1190 3707 caussa

60 3759 205 3814 proponere
227 3746 381 3816 integram:
405 3747 501 3801 muron
517 3745 564 3801 ille
583 3745 664 3800 umal
687 3748 771 3814 atque
793 3763 893 3815 parum
911 3746 967 3800 suis
989 3745 1018 3799 id
1035 3745 1189 3801 conducere

60 3836 203 3892 rationibus
222 3856 284 3895 sero
302 3840 490 3906 intellexerat,
512 3839 575 3894 ilico
593 3855 638 3893 me
656 3837 802 3894 convenire
820 3841 905 3907 atque
923 3841 954 3893 ut
971 3843 1109 3894 mutarem
1127 3855 1190 3894 con·

60 3927 142 3984 silium
163 3949 286 4002 poscere.
323 3932 520 3988 obsecundare
541 3931 594 3986 viri
610 3931 798 3988 honestissimi
820 3932 949 4002 precibus
967 3947 1019 4002 par
1036 3934 1104 3986 erat.
1141 3931 1189 3984 At

61 4021 144 4078 tomen
167 4025 298 4092 quosdam
321 4025 379 4080 eius
396 4025 473 4080 modi
489 4019 627 4095 particula
645 4025 783 4092 quaedam
801 4025 950 4094 deligenda
973 4025 1046 4089 eret,
1071 4039 1142 4090 quae
1160 4023 1190 4077 et

62 4113 109 4168 suis
125 4117 187 4186 ipsa
204 4118 392 4173 contineretur
409 4117 509 4173 linibus
528 4119 557 4173 et
569 4119 613 4172 sat
630 4117 760 4172 idoneam
778 4119 893 4173 afferret
910 4115 1084 4186 disceptandi
1102 4113 1189 4169 mate-

62 4205 134 4262 dem:
152 4210 256 4266 factum
274 4213 326 4276 est,
343 4212 425 4282 culpa
444 4209 555 4279 quidem
572 4227 636 4265 mea
653 4211 737 4276 nulle,
758 4210 853 4266 dolore
871 4227 936 4264 vero
954 4207 1030 4263 haud
1047 4205 1188 4275 mediocri,

62 4300 89 4352 ut
107 4303 207 4358 omisso
229 4303 471 4360 commentationis
498 4303 577 4359 initio
599 4303 674 4374 typis
696 4303 753 4358 iam
775 4319 906 4373 expresso
928 4299 1021 4356 media
1050 4301 1190 4367 quaedam

62 4393 146 4461 capita
166 4395 363 4462 eximerentur,
386 4395 486 4467 quibus
505 4397 539 4452 dc
558 4396 618 4454 sola
640 4398 757 4455 aetate
776 4396 918 4466 quaeritur
934 4393 1099 4466 Agathocle.
1137 4395 1184 4450 ht
1278 4391 1280 4396 ’
