2952 5132
299 319 363 383 460
759 335 806 382 nn
829 334 977 383 nsasrrs

301 489 496 552 mentionem
520 489 663 570 Marsyas
691 487 818 569 fecerit,
842 488 1005 552 difficilius
1028 508 1122 568 sane,
1146 509 1236 570 quam
1255 485 1389 570 quaeritur,

301 599 520 681 respondetur.
558 600 862 678 Ἀρχαιολογὶαν
885 596 1070 681 perhibetur
1092 597 1260 679 scripsisse,
1279 601 1309 658 ut
1326 618 1392 677 pue-

301 711 351 771 ter
372 707 560 790 Dionysiana
583 711 615 770 et
637 707 806 790 losephum
827 707 1037 790 Pherecydes
1064 706 1286 788 Phanodemus,
1305 710 1332 767 et
1348 705 1392 766 lor-

301 821 386 881 tasse
401 817 538 900 Hippias
553 820 647 899 atquc
663 817 880 880 Anaximenes
905 816 997 904 [nihil
1020 820 1056 880 ut
1076 816 1115 881 de
1138 815 1298 882 Simonidis
1311 815 1394 878 Anar-

301 928 381 1012 gini,
404 928 431 990 si
452 927 500 990 dis
520 927 636 1010 placet,
657 927 868 1011 ἀρχαιολογίᾳ
882 932 948 993 τῶν
968 927 1092 1007 Capitur
1110 927 1241 1015 dicaml:
1263 925 1337 989 cuius
1353 938 1394 986 ter-

301 1059 356 1100 rae
384 1038 434 1100 vel
462 1037 584 1121 gentis,
614 1041 749 1101 tacetur.
794 1035 911 1112 Quodsi
940 1037 1009 1120 quis
1038 1037 1077 1100 de
1100 1042 1201 1101 Attica
1221 1041 1395 1112 arclaeolop'u

303 1148 518 1210 coniecturam
540 1147 641 1210 faciat
662 1148 762 1230 deque
784 1149 903 1210 temere
926 1147 1093 1230 discerptis
1109 1146 1224 1211 Suidae
1241 1146 1298 1210 illis
1311 1145 1396 1222 verbis,

302 1279 382 1339 quae
410 1277 487 1319 sane
515 1257 611 1319 tertio
639 1257 766 1319 invecto
789 1257 918 1340 Marsya
944 1257 1074 1320 turbata
1098 1278 1165 1320 esse
1189 1256 1326 1320 vidimus:
1353 1277 1396 1316 uu

302 1366 400 1429 luserit
427 1366 511 1428 istud
534 1366 660 1449 quidem
688 1367 753 1428 ullo
775 1371 869 1450 pacto
893 1367 1073 1448 absurdum,
1103 1367 1287 1450 praesedim
1307 1387 1362 1428 cum
1378 1381 1396 1424 a

303 1477 453 1540 Ἀττικά
481 1476 536 1538 illa
559 1475 686 1538 Pellaeo
716 1476 877 1559 adscripta
905 1475 1037 1540 ethaeo
1060 1477 1268 1556 ἀρχαιολογία
1287 1475 1398 1538 dicautur

268 1601 284 1648 8
303 1586 432 1666 βιβλίοις
455 1585 491 1665 ιβ’
515 1585 747 1672 constitisse*);
776 1586 831 1649 sed
858 1591 967 1649 tamen
996 1586 1106 1649 mirari
1129 1585 1216 1648 subit
1238 1586 1314 1649 inter
1332 1583 1398 1646 Ἀτθί-

302 1701 369 1761 δων
395 1695 565 1778 scriptores
593 1717 658 1758 non
686 1696 812 1779 saepius
841 1697 1079 1760 commemorari
1108 1697 1276 1779 Marsyam.
1315 1693 1399 1768 Quam·

303 1827 398 1887 quarn
425 1805 534 1868 eadem
562 1827 639 1868 sane
668 1806 795 1868 miratio
823 1805 859 1869 in
881 1805 1001 1869 Pellaei
1024 1808 1144 1871 Ἀττικά
1172 1806 1271 1887 cadit,
1301 1823 1400 1887 quorun

303 1914 400 1977 libros
423 1914 500 1977 XlV
527 1915 677 1998 (debebat
700 1915 777 2001 XII)
806 1916 921 1979 ‘minus
945 1916 1047 1979 claros
1068 1916 1178 1979 suisse’
1203 1914 1334 1998 Heynius
1352 1933 1400 1974 scn-

302 2024 405 2087 ticbat
427 2024 461 2086 in
484 2025 712 2106 Apollodonun
734 2026 793 2108 lll,
820 2026 859 2088 14
881 2048 912 2108 p.
936 2027 1009 2090 319.

388 2133 478 2219 (llll)
507 2133 567 2198 Sed
591 2135 752 2198 luculento
774 2136 957 2199 testimonio
972 2134 1188 2199 Macedonicis
1204 2135 1281 2199 haec
1294 2135 1402 2198 tribuun-

302 2244 632 2326 tarHarpocrationis
650 2268 677 2308 v.
696 2246 875 2325 Γὰληψο(
899 2245 1030 2328 (rectius
1051 2247 1226 2327 Γαληψό()·
1251 2293 1259 2309 .
1282 2295 1289 2307 .
1312 2243 1404 2307 atla

304 2357 438 2438 Θρᾴκης,
462 2355 629 2433 ὠνομάεθη
659 2358 693 2420 δὲ
717 2355 782 2419 ἀπὸ
811 2358 830 2420 Γ
832 2357 960 2435 αλήψου
983 2360 1041 2420 τοῦ
1065 2356 1172 2420 Θὰεου
1195 2358 1245 2420 καὶ
1265 2360 1315 2433 τῆ(
1333 2352 1403 2428 Τηλέ-

304 2486 381 2544 φηε,
402 2466 446 2529 ὼε
464 2465 647 2542 Μαρεύαε
671 2465 899 2545 ὁνεώτερο(
921 2466 961 2530 ἐν
985 2466 1145 2550 πέμπτῳ
1165 2466 1327 2543 (ἐνπέμποι
1343 2459 1403 2525 call

305 2575 598 2639 Μακεδονικῶν.
633 2575 717 2637 Nam
735 2596 831 2658 aegre
849 2574 1024 2658 perspicias
1031 2625 1040 2657 ,
1066 2597 1120 2638 cur
1136 2575 1202 2637 eius
1218 2573 1300 2637 modi
1314 2571 1403 2636 addia-

303 2683 438 2766 mcntis,
473 2684 585 2766 quibus
615 2684 805 2767 aliquotiens
831 2684 961 2747 mutilus
983 2683 1251 2766 Harpocrationis
1273 2684 1342 2746 liber
1359 2701 1403 2742 ιιοιι

305 2792 576 2876 compendifactus
612 2795 777 2876 suppletur
807 2815 844 2856 ex
875 2794 945 2876 ipsa
979 2794 1134 2877 epitoma,
1169 2798 1205 2856 ut
1232 2817 1263 2876 p.
1292 2793 1355 2868 176,
1381 2787 1404 2848 lt

305 2906 390 2984 (post
413 2927 438 2966 v.
455 2903 614 2985 τοπεῑον),
642 2905 712 2985 las,
732 2904 770 2966 14
793 2903 836 2986 (v.
853 2903 1106 2987 τριτοπὰτορεε),
1135 2903 1205 2984 182,
1224 2906 1241 2966 l
1260 2903 1301 2984 (v.
1316 2902 1403 2980 φάιιο.

305 3034 442 3094 nuperus
472 3013 573 3074 alitor
595 3012 699 3075 loerun
727 3012 910 3096 denegarit:
939 3012 1121 3094 quostiam
1147 3011 1276 3095 grauius
1296 3011 1347 3074 hoc
1365 3016 1404 3068 est.

304 3121 386 3203 (prod
409 3122 475 3183 eius
499 3122 626 3205 generis
649 3121 804 3204 (lriaedam
826 3142 954 3205 prorsus
976 3121 1209 3203 praetermisit,
1240 3125 1273 3185 ut
1300 3113 1404 3182 Parisii

305 3230 376 3293 libri
407 3230 489 3292 hanc
513 3232 672 3314 glossam:
720 3232 887 3309 Κορθίλοε,
921 3230 1026 3309 ὄνομα
1053 3232 1176 3310 κύριον·
1216 3233 1255 3296 ὃν
1282 3228 1406 3306 Ἀθηναῖοι

304 3341 494 3405 κατέλευεαν
530 3341 612 3425 (cod.
643 3341 843 3421 κατέλυεαν),
872 3339 952 3405 διότι
977 3340 1150 3405 ὑπακούειν
1177 3342 1312 3420 Πέρεοι(
1336 3333 1405 3412 apol·

303 3450 509 3534 rpe'uero.**)

372 3690 396 3754 *i
426 3689 513 3756 [Hane
541 3687 684 3754 aunrplexus
714 3685 899 3738 coniecturam
923 3685 1118 3752 Bernhardyus
1141 3683 1296 3752 minorique
1312 3683 1405 3743 Manyll

306 3783 435 3847 Ἀττικὴν
453 3780 650 3848 ἀρχαιολογίαν
668 3779 792 3832 tribuens
812 3796 923 3845 prorsus
943 3778 1082 3845 persuasit
1099 3777 1212 3832 Gcicro:
1232 3777 1279 3844 qui
1296 3779 1372 3829 tarnim
1385 3783 1404 3815 ιι

306 3876 429 3927 Ἀτακτα
447 3891 528 3940 posse
549 3874 707 3939 corruptum
726 3887 786 3924 osso
807 3872 918 3923 Ἀττικά
936 3869 1054 3924 coniecit
1071 3889 1096 3939 p.
1111 3878 1168 3923 334.
1205 3871 1312 3924 Maiora
1327 3862 1404 3918 ruoliu-

305 3969 464 4034 Dropscuue
479 3965 615 4019 Ἀειατικά
627 3964 804 4032 proponebat
821 3983 847 4031 p.
860 3969 915 4017 682.
929 3995 960 4000 -
973 3963 1129 4031 Agathom's
1143 3962 1255 4029 quidem
1273 3958 1403 4016 amnium

305 4061 339 4112 aul
363 4060 438 4127 ipsos
461 4057 659 4110 lllacedouicon
682 4057 767 4108 libros
791 4073 920 4109 rovocare
944 4073 998 4110 nou
1021 4055 1160 4109 dubitant
1177 4057 1321 4109 Muellerus
1337 4069 1355 4118 p·
1370 4041 1404 4094 ll·

374 4155 412 4204 *ἢ
427 4153 524 4218 [Ιιιιιηο
543 4153 674 4217 (excerpta
692 4150 760 4202 hac
780 4150 842 4200 sinit
861 4166 894 4201 ox
907 4147 1133 4216 Harpocrationis
1152 4166 1207 4201 nou
1227 4129 1403 4215 conspanlilr‘i

306 4263 332 4312 p.
355 4250 409 4308 118,
428 4252 443 4298 6
463 4245 561 4295 Mella:
584 4243 727 4308 Kupcilov·
746 4243 926 4308 Δημοςθένη(
944 4243 1030 4308 ἐντῷ
1049 4243 1119 4307 ὑπὲρ
1138 4243 1330 4307 Κτηειφιῖιντο(
1346 4229 1403 4294 ιδ’-Μ

306 4355 331 4404 p.
352 4342 425 4402 ‘lbos
446 4340 513 4388 ιπὺν
533 4337 582 4399 μὲν
600 4340 690 4387 ταῦτα
708 4336 950 4399 (υμβουλεύιαντο
968 4335 1154 4399 Θεμιετοκλέο
1171 4335 1324 4402 capomatii
1338 4322 1403 4380 eloai·
