2942 5134
298 378 361 440 410
478 395 524 439 on
547 393 696 440 alurico
720 393 926 442 soruoonao
949 393 1070 440 osmer
1093 394 1252 440 coroner.

299 568 336 610 eo
358 547 645 629 interpretamento
668 547 832 630 expulsum
856 545 1049 628 coniuebat,
1080 546 1267 624 εὔπλουτον,
1291 545 1318 609 id
1341 567 1394 607 vero

298 657 558 739 probabilitatem
586 658 703 721 habere.
731 656 915 741 negandum
943 660 1001 720 est.
1045 655 1147 720 Nihili
1176 661 1224 720 est
1246 678 1315 720 sane
1337 655 1394 738 qud

298 767 503 831 Hermannus
519 768 645 850 obiecit,
670 767 882 850 reputandmn
903 766 1002 831 fuisse
1023 766 1107 830 dona
1121 765 1262 851 Neptuni
1280 766 1395 830 111111111-

298 879 466 941 memorari
499 878 654 941 debuisse.
700 877 786 942 Satis
819 877 904 941 enim
936 877 1102 961 perspicue
1129 876 1285 962 Reisigius
1312 896 1396 939 comm.
1453 877 1454 958 1

300 989 369 1054 crit.
387 1012 418 1073 p.
435 989 508 1072 294,
533 1011 628 1073 quam
651 1009 718 1052 esse
740 987 898 1051 rationem
920 987 1099 1052 sententiae
1122 987 1228 1068 vellet,
1250 994 1397 1070 apemerat:
1453 959 1454 1034 l

299 1100 416 1183 quippe
437 1122 502 1163 uno
524 1100 707 1165 εὔπλουτον
729 1099 883 1163 vocabulo
906 1099 999 1162 ambo
1022 1097 1165 1181 Neptuni
1192 1097 1272 1161 dona
1297 1118 1398 1182 gencra-

298 1209 357 1272 tim
387 1209 626 1293 comprehendi,
661 1209 735 1293 quia
763 1209 804 1272 ad
831 1209 1028 1292 opulentiam
1056 1211 1223 1292 utriunque
1249 1208 1398 1292 pertineret.
1453 1281 1454 1286 γ

299 1319 497 1401 Quamquam
525 1342 564 1383 ne
593 1321 639 1384 sic
668 1319 795 1404 quidem
822 1318 914 1383 nobis
941 1317 1126 1402 persuadet:
1156 1341 1232 1382 nam
1258 1322 1288 1383 et
1306 1336 1400 1398 semper

299 1428 419 1512 aliquid
452 1430 548 1493 alieni
580 1430 693 1493 inferri
726 1430 880 1493 sentimus
909 1433 941 1492 et
968 1428 1143 1493 abhorrens
1171 1451 1191 1492 a
1220 1428 1400 1512 simplicitate,
1453 1447 1454 1450 ¹

298 1561 359 1603 nec
381 1539 458 1602 illud
481 1541 558 1604 satis
581 1540 798 1624 intellegimus
805 1590 814 1623 ,
844 1561 899 1602 cur
924 1559 975 1602 res
998 1539 1152 1622 equestris
1174 1538 1346 1620 navalisque
1364 1557 1401 1617 po·

298 1649 455 1713 tissimum
484 1649 523 1712 ad
551 1650 734 1713 divitiarum
763 1650 992 1734 cogitationem
1021 1653 1225 1732 revocentur,
1260 1646 1401 1712 certissimo

299 1781 395 1842 opum
417 1759 559 1822 effectrix
581 1761 723 1824 olearum
744 1759 924 1824 fecunditas
946 1781 1012 1824 non
1033 1759 1121 1823 item.
1147 1797 1187 1808 -
1210 1759 1310 1842 Atque
1332 1755 1403 1818 ratio

300 1869 494 1932 cinationem
516 1870 643 1952 quidem
664 1871 749 1934 hano
771 1873 914 1933 nostram
941 1870 975 1932 in
1003 1869 1197 1932 irrcertonmr
1219 1888 1340 1932 numero
1357 1885 1403 1928 nou

299 1979 465 2043 habemus:
488 1979 542 2042 sed
566 1979 639 2044 iude
662 1980 737 2064 quid
760 1980 802 2042 sit
825 1979 1056 2044 consectarium
1077 1979 1109 2043 h.
1127 2001 1154 2043 e.
1178 1978 1254 2063 quid
1273 1974 1403 2060 scripsisse

299 2087 488 2171 Sophoclem
515 2089 672 2172 dicamus,
708 2090 823 2153 incerti
850 2091 1016 2154 haeremus
1043 2092 1080 2152 ut
1108 2089 1161 2172 qui
1189 2088 1335 2168 maxime,
1358 2105 1403 2146 nou

298 2221 360 2282 quo
382 2198 463 2262 nihil
486 2200 519 2262 in
542 2202 692 2283 promptu
719 2201 777 2283 sit,
806 2200 861 2263 sed
889 2199 971 2284 quod
998 2199 1094 2262 nimis
1122 2199 1224 2262 multa
1251 2198 1403 2280 suppetunt.

299 2309 326 2372 E
349 2309 462 2394 quibus
484 2310 622 2372 fatemur
643 2311 741 2374 fuisse
765 2332 835 2374 cum
857 2313 985 2393 praeter
1006 2309 1070 2372 alia
1091 2309 1152 2372 hoc
1174 2309 1326 2392 placeret:

425 2466 534 2541 δῶρον
556 2466 615 2526 τοῦ
638 2463 779 2539 μεγάλου
801 2463 967 2544 δαίμονος,
992 2463 1117 2543 αὔχημα
1139 2463 1294 2541 μέγιετον,

425 2573 540 2652 cetur
563 2573 645 2637 τόδ’
668 2572 828 2648 εὔπωλον,
852 2572 1062 2639 εὐθάλαεεαν·

299 2744 392 2805 quem
413 2745 539 2787 versum
566 2747 633 2787 non
659 2725 803 2807 profecto
832 2724 959 2789 insuavi
986 2724 1205 2788 concinnitate
1228 2725 1269 2787 ad
1291 2718 1406 2786 similitu·

233 2851 279 2900 xlv
299 2832 406 2897 dinem
428 2834 651 2916 antistrophici
675 2834 906 2897 conformatum
929 2834 1063 2897 dixeris:

426 2987 564 3066 pdrcuu'
586 2986 766 3067 άχείρητον,
789 2987 974 3051 αὐτόποιον.

300 3137 388 3210 Quod
416 3138 442 3198 si
472 3160 528 3199 sua
557 3159 589 3200 sc
618 3139 735 3201 virtute
770 3138 983 3218 commendet,
1018 3138 1100 3201 bene
1134 3141 1201 3201 cst:
1237 3138 1289 3201 sin
1318 3135 1408 3198 mnu.

300 3250 409 3308 inostra
433 3247 707 3311 commendatione
729 3248 817 3310 nulla
840 3247 979 3332 gratiam
1001 3248 1154 3311 maiorem
1177 3247 1319 3328 inibit.*)

1453 3375 1454 3428 1

367 3467 391 3532 *j
411 3468 515 3534 [(έβα(
533 3465 601 3518 illud
620 3466 674 3533 qui,
693 3465 758 3532 quid
777 3465 829 3518 sibi
847 3467 938 3532 vellet,
957 3466 1119 3534 intellegere
1138 3483 1200 3520 sese
1218 3466 1336 3535 negavit
1352 3458 1409 3514 inid·
1453 3443 1454 3508 l

299 3558 402 3611 lectum
420 3559 478 3612 eius
497 3559 617 3612 notionis
635 3558 710 3612 haud
732 3575 816 3626 aegro
834 3561 946 3627 poterat
964 3577 997 3612 ex
1015 3560 1143 3613 Electrae
1162 3559 1324 3628 Sophocliac
1339 3573 1360 3607 τ.
1375 3559 1410 3603 6511

300 3667 411 3718 capere:
439 3653 548 3719 elcqlde
567 3654 708 3718 λαμπρὸς,
728 3657 791 3705 πᾶα
810 3657 869 3705 rot(
887 3653 943 3706 ἐκεῖ
961 3653 1047 3717 cetur,
1065 3651 1121 3706 alia
1138 3652 1234 3706 affinia
1251 3655 1282 3705 ut
1299 3648 1408 3704 omittam.
1453 3661 1454 3714 3

300 3743 393 3796 Sciens
412 3745 570 3812 posthabui,
589 3745 622 3798 do
635 3762 689 3810 quo
702 3745 783 3798 facile
796 3744 934 3813 quispiam
952 3744 1065 3812 cogitet,
1083 3745 1196 3810 γάνος,
1216 3747 1247 3798 ut
1264 3747 1307 3798 est
1323 3743 1410 3804 inan·
1453 3723 1454 3798 1

299 3853 445 3890 memnone
467 3857 492 3891 v.
513 3845 574 3892 557:
605 3842 679 3892 θεοῖ(
702 3839 815 3905 λάφυρα
837 3842 926 3891 ταῦτα
947 3844 1008 3891 τοῖς
1027 3841 1093 3891 καθ’
1111 3838 1228 3892 Ἐλλάδα
1245 3836 1411 3904 δάμαιεέπαε·

299 3931 432 3985 (ἀλευεαν
450 3933 566 3998 ἀρχαῖον
584 3931 686 3999 udone]
1453 3999 1454 4042 1
