2976 5140
450 345 496 392 on
518 345 588 392 ono
613 345 656 390 ur
680 345 822 392 narona.
1143 329 1206 392 635

82 503 127 564 cat
150 499 188 564 ad
214 497 349 562 cundem
377 497 477 562 Orum
505 497 682 580 pertinere,
711 497 876 580 praeclaro
903 497 1110 580 documento,
1144 520 1207 582 qua

80 609 265 693 potissimum
294 608 347 672 via
374 631 412 672 ac
439 607 565 673 ratione
593 607 802 672 clarissimum
830 606 1013 672 technicum
1042 607 1124 672 Orus
1151 628 1207 694 ag·

79 741 193 806 gressus
214 719 273 802 sit,
296 717 418 784 discere
440 719 584 804 liceat.*)

151 845 181 910 4.
223 845 343 910 'Ibibus
376 867 458 930 quae
489 845 592 910 adhue
624 845 783 930 persecuti
812 867 919 910 sumus
947 844 1104 929 capitibus
1135 867 1207 910 cum

79 959 163 1042 longe
183 956 324 1021 maxima
345 979 420 1041 pars
443 957 762 1042 orthographicorum
780 955 836 1022 Ori
860 959 1102 1040 praeceptorum
1124 977 1207 1020 conr-

79 1067 299 1151 prehendatur,
324 1068 434 1151 quaeri
456 1071 562 1152 potest
568 1118 577 1151 ,
601 1090 679 1132 num
700 1067 783 1131 forte
805 1066 856 1130 his
878 1066 956 1150 ipsis
978 1066 1095 1130 finibus
1117 1089 1208 1130 suam

78 1177 151 1242 Orus
172 1177 458 1262 circumscripserit
479 1178 763 1270 orthographiam„
791 1177 866 1241 Non
888 1175 1087 1240 incommode
1110 1179 1207 1260 certe,

77 1309 147 1371 quae
168 1289 264 1352 ctiam
286 1309 374 1352 nunc
396 1293 537 1373 restant,
565 1289 606 1352 ad
629 1288 708 1352 alios
732 1290 764 1351 et
785 1287 871 1352 locos
894 1291 926 1350 et
954 1287 1078 1351 libellos
1100 1308 1208 1372 gram·

76 1398 196 1462 nsticos
227 1399 362 1464 referas.
408 1401 458 1464 Ac
490 1399 628 1484 primum
655 1401 892 1462 accentuum
919 1397 1105 1462 doctrina
1138 1419 1209 1462 curn

76 1507 170 1572 aliena
191 1509 292 1573 fuerit
319 1509 361 1573 ab
383 1509 633 1595 orthographiae
654 1509 848 1574 tractatione
874 1531 912 1572 ac
940 1511 1132 1592 προεῳδιιῖιν
1154 1531 1208 1592 po-

78 1617 133 1681 lius
161 1619 355 1703 scriptorum
382 1621 528 1704 propria,
562 1623 630 1684 tum
657 1619 808 1704 singulis,
844 1619 877 1682 in
910 1618 1024 1702 quibus
1058 1621 1209 1684 accentus

79 1725 307 1814 disceptantur,
337 1730 467 1795 vocibus
494 1752 568 1794 suas
596 1729 685 1793 sedes
713 1731 770 1793 aut
796 1729 860 1793 iam
889 1727 1145 1813 adsignavimns,
1173 1731 1211 1792 ut

75 1837 190 1916 dpvntc
202 1889 212 1922 ,
242 1842 407 1921 Ζήιρειον,
436 1842 600 1924 adderem,
636 1840 771 1918 κλίειον,
805 1840 924 1919 ῥειτόε,
957 1839 1051 1919 ὄληαι
1088 1841 1144 1903 aut
1174 1839 1209 1903 in

74 1949 192 2016 πάθεειν
221 1949 467 2033 adsignabimus
495 1949 644 2034 posthac,
677 1954 713 2013 ut
740 1949 858 2032 clrior,
890 1951 1039 2027 ζώτειον,
1071 1951 1208 2029 μητίετα,

74 2060 143 2137 Ζαήν
165 2060 299 2145 (ζαῆν’).
343 2059 412 2126 Nec
438 2059 564 2124 diversa
587 2061 670 2125 ratio
691 2061 943 2140 uvecndrwv:
970 2065 1007 2124 ut
1028 2081 1058 2124 v.
1082 2061 1208 2140 ὑπήνη

76 2231 269 2242 ——-.—--

146 2331 169 2400 *)
197 2331 254 2400 [De
273 2330 327 2385 hac
349 2348 448 2385 caussa
471 2331 509 2384 sic
531 2331 723 2400 disputantem
747 2331 841 2400 accipe
863 2329 1042 2384 Lchrsium
1069 2329 1209 2384 Censurac

72 2439 94 2489 p.
111 2427 169 2478 458:
199 2423 363 2478 ‘Praeclara
386 2441 450 2493 spes
469 2423 587 2479 affidsit:
607 2425 655 2478 sed
673 2441 746 2478 vana
764 2427 815 2478 cst.
851 2423 924 2477 Nam
946 2422 995 2478 illo
1018 2424 1079 2478 loco
1097 2423 1209 2492 Etymo·

71 2513 145 2584 logici
163 2519 261 2584 (quem
278 2517 364 2586 paulo
382 2516 538 2586 longu'orem
556 2535 612 2572 non
630 2535 733 2587 operae
750 2517 870 2588 pretium
883 2517 992 2571 videtur
1009 2517 1209 2571 transscribere

71 2605 138 2662 inre
155 2609 325 2678 certissima)
349 2610 462 2664 omnino
485 2629 540 2666 non
559 2610 718 2680 disputatum
741 2612 840 2665 contra
861 2610 1064 2676 Herodianum,
1086 2610 1137 2664 sed
1158 2627 1210 2679 pro

70 2699 229 2760 Herodiano.
277 2702 398 2760 Ludicra
426 2703 591 2772 digladiatio
621 2707 664 2758 cst
693 2703 723 2758 in
753 2704 874 2774 speciem
904 2705 1042 2774 suscepta.
1087 2703 1210 2772 Singulis

72 2793 215 2852 Herodiani
232 2796 393 2867 praeceptis
411 2795 616 2850 interiiciuntur
633 2813 705 2864 quac
724 2797 784 2864 quis
804 2799 901 2851 contra
923 2813 1036 2852 monere
1054 2797 1156 2866 possit:
1180 2799 1211 2851 at

70 2888 158 2942 statim
176 2889 249 2945 haec
269 2889 411 2944 diluuntur
429 2893 458 2944 ct
475 2893 571 2944 tamen
588 2893 663 2944 recte
681 2890 856 2959 praecepisse
879 2889 1068 2945 Herodianum
1091 2889 1210 2944 ostendi·

69 2981 116 3033 tur.
155 2981 200 3037 Sic
223 2982 441 3052 intelligendum
463 2982 531 3036 illud
552 2983 659 3048 γίνεται
680 2985 734 3050 γὰρ
755 2985 813 3038 ἀπὸ
835 2989 887 3038 τοῦ
909 2985 1017 3051 πατρὸς
1040 3013 1071 3022 -
1095 2982 1209 3052 quippc;

71 3071 170 3128 ducitur
187 3075 266 3131 enim
285 3105 330 3142 -,
353 3079 382 3130 ct
398 3075 473 3130 infra
491 3075 541 3131 slcl
564 3078 594 3130 δὲ
611 3078 739 3142 ὀνόματα
756 3077 863 3144 ἡρώων
882 3077 927 3130 ‘at
943 3075 1014 3130 haec
1031 3075 1146 3130 heroum
1163 3093 1211 3130 no·

69 3167 137 3221 urina
154 3171 242 3223 sunt’
272 3169 338 3224 Loci
350 3167 523 3223 intellectum
535 3169 677 3238 pardulum
693 3168 849 3239 impediunt
867 3170 938 3224 duae
951 3169 1139 3238 corruptelae,
1157 3171 1211 3225 zue

69 3276 89 3312 v.
108 3267 139 3315 53
156 3279 207 3330 pro
226 3262 342 3316 nomine
360 3262 484 3316 ciusdem
501 3264 607 3317 formae
625 3262 750 3328 heroico,
775 3265 854 3331 llpdrt
872 3263 991 3318 fortasse
1008 3263 1053 3318 vel
1072 3263 1160 3329 Γλιῖκ,
1182 3265 1212 3316 et

69 3355 148 3407 πλέον
165 3373 191 3408 s.
210 3360 259 3422 50,
285 3373 337 3424 pro
356 3371 410 3423 quo
429 3355 605 3410 scribendum
623 3357 848 3423 περιεπώμενον.
881 3355 937 3410 Iste
955 3354 1042 3424 igitur
1064 3355 1140 3409 locus
1158 3354 1211 3408 etsi

68 3461 117 3510 qua
133 3447 244 3503 ratione
265 3447 454 3502 Herodianum
471 3448 679 3518 impugnaverit
696 3449 767 3502 Orus
790 3449 889 3504 docere
912 3466 968 3502 non
985 3449 1092 3517 potest,
1115 3451 1210 3502 tamen

68 3537 114 3591 hoc
134 3541 203 3594 mihi
226 3558 280 3610 per
302 3543 394 3596 totam
416 3541 643 3596 dissertationem
666 3542 785 3596 sensisse
812 3540 886 3594 visus
916 3559 989 3608 sum,
1016 3542 1089 3594 hunc
1116 3541 1210 3606 Ornm,

67 3646 142 3696 quem
160 3633 193 3688 R.
213 3633 298 3688 nobie
316 3637 451 3702 tanquam
469 3635 504 3688 de
522 3633 618 3688 inferis
637 3634 781 3700 excitavit,
799 3634 886 3688 multo
905 3633 1013 3688 doctius
1031 3636 1061 3688 ct
1077 3633 1210 3688 intentius

68 3721 92 3775 in
109 3724 303 3781 Herodianum
321 3726 411 3780 nisum
429 3743 490 3780 csse
509 3745 592 3794 quam
610 3729 676 3797 post
693 3727 778 3782 etiam
796 3727 832 3782 ab
851 3727 1043 3782 eruditissimis
1063 3727 1108 3795 (de
1125 3726 1211 3782 Choe-

66 3815 176 3874 robosco
201 3819 325 3874 maxims
352 3820 457 3892 cogito)
481 3820 504 3874 si
527 3821 638 3888 quando
661 3821 767 3876 lacimt
792 3822 897 3876 factum
922 3821 1053 3888 vidimus,
1082 3819 1211 3888 iutelligi-

65 3925 188 3979 musque,
220 3913 270 3982 qui
299 3913 367 3967 milri
392 3913 592 3983 pulcherrimus
622 3914 702 3968 huius
731 3913 932 3982 disquisitionis
961 3917 1065 3970 fructus
1095 3913 1211 3978 videtur,

66 4019 116 4058 uon
141 4005 237 4060 subito
264 4023 326 4060 cum
349 4005 509 4062 Herodiano
540 4025 650 4062 omnem
676 4007 923 4076 grammaticorum
949 4008 1075 4076 vigorem
1100 4007 1142 4061 ita
1167 4023 1211 4060 ex·

65 4095 192 4152 stinctum
216 4097 304 4154 fuisse
327 4102 358 4152 ut
380 4117 459 4154 arma
476 4100 630 4156 abiicerent
651 4100 810 4170 inertesque
834 4119 932 4156 manus
953 4101 1061 4156 darent.
1099 4099 1153 4154 Cur
1170 4101 1212 4154 ta·

64 4204 123 4243 men
141 4193 233 4246 fabum
254 4209 333 4248 snum
351 4191 474 4260 effugere
492 4211 548 4248 non
565 4194 721 4265 potuerint,
739 4194 806 4263 quin
823 4194 942 4263 denique
960 4193 1122 4249 auctoritati
1140 4211 1213 4246 sum·

64 4281 111 4335 mis
134 4285 210 4338 haud
235 4285 319 4340 dubia
341 4285 491 4341 virtutibm
514 4289 612 4357 partae
636 4288 721 4344 etiem
739 4288 818 4346 inviti
837 4288 1034 4354 concederent,
1058 4303 1142 4360 quam
1160 4287 1212 4343 hoc

65 4373 126 4430 olim
142 4376 296 4434 iucundum
313 4378 367 4436 erit
383 4379 574 4452 intelligerel’]
