2942 5134
329 357 391 422 396
673 373 720 420 ns
743 373 892 422 01111100
917 372 1124 422 1011100110

329 550 457 612 nomen,
482 529 507 591 si
523 528 598 612 quid
614 527 766 612 sapimuS,
789 549 854 592 non
869 530 996 590 tantum
1010 548 1077 592 non
1091 526 1285 592 desideratur
1299 527 1420 607 omissum,

329 639 385 701 sed
408 638 550 702 additum
572 642 638 702 tam
661 638 793 702 offendit
815 641 851 700 ut
873 636 1022 720 Sophocli
1048 637 1146 702 tribui
1167 659 1290 720 prorsus
1311 654 1420 721 nequeat.

330 749 429 822 (luem
451 748 585 812 decebat
607 752 663 812 aut
684 750 742 814 τὰν
765 750 906 827 μεγάλαν
925 747 1059 827 Δωρίδα
1080 751 1180 813 νᾶεον
1204 748 1303 811 dicere
1323 751 1367 810 aut
1383 750 1421 810 rte

329 861 469 937 μεγάλαν
508 861 660 924 Πέλοπα(
698 863 797 925 νᾶεον
834 857 1040 940 simpliciter,
1078 859 1166 924 nullo
1203 857 1293 921 modo
1326 857 1422 920 iunclin

329 972 512 1052 utrumque,
536 969 568 1032 id
591 969 673 1053 quod
696 969 730 1033 in
753 967 976 1054 geographum
998 967 1093 1051 cadit,
1117 968 1151 1031 in
1172 971 1297 1050 poetam
1318 968 1423 1030 11111111.

329 1079 486 1160 Alterum,
511 1080 593 1162 quod
615 1080 770 1143 nollemus
793 1078 870 1141 item
892 1079 1075 1162 neglectum
1097 1078 1138 1141 ab
1161 1077 1381 1161 interpretibus,
1400 1075 1424 1138 ad

328 1191 460 1253 πώποτε
484 1187 634 1271 pertinet,
659 1209 753 1270 quam
775 1189 965 1271 particulam
988 1188 1100 1251 abhis
1123 1187 1250 1271 quidem
1270 1188 1362 1250 uerbis
1380 1187 1426 1269 ipsu

329 1299 376 1360 uis
399 1299 578 1362 sententiae
601 1302 760 1381 segregat.
806 1298 857 1362 Ita
880 1299 966 1361 enim
988 1297 1067 1382 quod
1092 1298 1209 1381 prodit,
1233 1299 1332 1381 ‘quale
1352 1297 1389 1360 uel
1405 1295 1426 1356 iu

329 1408 408 1471 Asia
431 1409 480 1471 vel
502 1409 538 1471 in
552 1407 773 1490 Peloponneso
795 1408 937 1472 nondum
952 1431 1102 1492 umquam
1124 1412 1238 1491 sponte
1260 1406 1427 1491 progenitum

330 1518 481 1601 aecipio',
505 1518 551 1582 sic
574 1517 694 1581 dictum
717 1521 764 1581 est
786 1519 946 1600 profecto,
976 1519 1081 1601 quasi,
1113 1518 1196 1602 quod
1219 1516 1319 1581 adhuc
1339 1517 1428 1579 facturn

328 1652 395 1692 non
417 1629 475 1710 sit,
509 1650 601 1710 possc
631 1629 664 1691 in
692 1632 853 1711 posterum
880 1629 950 1692 fieri
978 1629 1151 1713 cogitetur:
1186 1627 1270 1711 quod
1299 1627 1366 1690 hinc
1384 1646 1429 1687 esse

330 1739 559 1802 alienissimum
585 1742 728 1821 apparet.
775 1737 915 1822 Simplex
938 1738 1109 1821 requiritur
1132 1744 1338 1822 ‘numquam'
1357 1735 1429 1799 111110,

329 1849 389 1912 hoc
405 1850 507 1914 estod
523 1870 615 1930 ποτε,
639 1871 704 1912 non
723 1849 763 1912 οὐ
779 1849 964 1931 πώποτε*);
987 1868 1048 1911 nec
1063 1847 1157 1911 aliter
1178 1847 1213 1910 in
1235 1835 1329 1910 'simili
1349 1867 1430 1909 causa

330 1962 440 2041 poetas
474 1959 596 2021 locutos
630 1959 762 2042 reperio.
816 1957 902 2021 Hinc
935 1957 1034 2042 igitur
1061 1957 1116 2020 ubi
1145 1956 1279 2040 dignam
1312 1953 1432 2038 Sophocle

329 2089 427 2130 unam
449 2069 533 2131 hanc
556 2091 624 2132 esse
643 2069 820 2132 orationem
843 2067 1106 2151 perspexerimus,
1131 2067 1206 2132 οὐδ’
1229 2069 1265 2132 ἐν
1287 2073 1325 2150 τᾷ
1342 2067 1433 2145 μεγάλω

330 2179 453 2258 Δωρίδι
475 2179 561 2263 recep
584 2181 663 2244 ποτὲ
687 2181 838 2258 erector,
868 2199 1063 2261 consequens
1091 2179 1139 2240 est
1165 2198 1244 2240 sanc
1272 2181 1308 2240 ut
1327 2178 1357 2239 in
1376 2172 1434 2236 auti·

329 2288 462 2371 stropha
490 2289 610 2372 aliquid
637 2289 714 2352 item
746 2287 855 2352 deberi
888 2287 1056 2371 interpreti
1086 2285 1248 2350 credatur:
1287 2285 1361 2370 quod
1390 2305 1433 2345 uuu

329 2401 436 2481 potest
469 2398 554 2461 aliud
584 2419 651 2461 csse
679 2399 742 2461 nisi
771 2398 930 2462 adiectum
957 2420 987 2461 v.
1011 2397 1073 2462 709
1101 2396 1216 2478 εἰπεῖν,
1253 2397 1391 2460 coalitum
1416 2390 1435 2453 id

330 2508 456 2591 quidem
485 2531 556 2572 cum
583 2509 646 2571 fine
674 2530 782 2572 uersus
810 2507 957 2571 similiter
984 2509 1080 2590 atque
1108 2529 1179 2570 cum
1207 2506 1361 2589 principio
1380 2509 1434 2564 stro

330 2617 416 2698 phici
438 2619 589 2682 Πέλοπα(
612 2619 701 2681 illud.
747 2617 832 2681 Nam
854 2639 891 2680 co
913 2617 1073 2679 infinitivo
1096 2638 1167 2678 cum
1182 2615 1344 2679 Nauckius
1364 2629 1434 2694 neget

331 2748 437 2788 carere
466 2749 524 2790 nos
552 2750 659 2810 posse,
695 2750 760 2790 11011
788 2728 879 2790 uideo
908 2726 983 2809 quid
1011 2725 1045 2789 in
1068 2726 1117 2789 his
1140 2727 1317 2808 vituperes:
1352 2723 1437 2785 ‘aliun

330 2835 455 2898 laudern
478 2837 720 2922 (laudationem)
744 2837 858 2900 habeo’
878 2836 910 2901 h.
929 2857 955 2899 e.
980 2836 1145 2900 ε0111110111
1162 2836 1196 2899 in
1219 2830 1438 2918 ρ10111ρί11111111

330 2949 406 3008 est'.
452 2946 513 3009 Pro
547 2969 608 3030 quo
643 2969 714 3010 cum
744 2947 875 3010 minime
903 2968 1056 3031 negemus
1091 2949 1142 3009 sat
1174 2945 1337 3009 commode
1369 2942 1440 3006 eticu.

330 3056 430 3119 ἄλλον
453 3059 485 3120 δ’
509 3059 603 3123 αἶνον
627 3059 691 3136 ἔχω
716 3058 814 3123 εἰπεῖν
837 3057 900 3120 dici
927 3055 1083 3138 potuisse,
1117 3056 1188 3139 ipsa
1217 3077 1329 3119 caussa
1356 3060 1440 3136 apertu

331 3168 473 3244 osteor,
500 3167 582 3250 quod
612 3171 643 3230 et
670 3167 795 3250 plenius
823 3171 855 3230 et
877 3165 1004 3249 planius
1033 3165 1095 3229 dici
1123 3165 1274 3248 sentiret,
1311 3166 1440 3244 inlapse

330 3275 534 3339 adscriberet.
581 3276 633 3341 Sic
661 3277 759 3361 igitur
788 3299 859 3340 cum
888 3277 987 3359 ipsius
1010 3275 1191 3340 sententiae
1214 3275 1376 3360 elegantia
1395 3291 1440 3354 per-

330 3385 449 3448 fectam
470 3407 673 3449 numerorum
697 3387 947 3451 concimuitatem
970 3406 1173 3468 recuperasse
1195 3385 1386 3449 videbimur:

457 3590 540 3655 ἔετιν
563 3592 596 3653 δ’
619 3590 690 3656 οἷον
715 3591 777 3665 ἐγὼ
801 3595 859 3667 γᾶ(
882 3591 982 3655 ’Actor
1005 3589 1236 3655 otteramno

456 3700 531 3763 οὐδ’
554 3701 589 3766 ἐν
611 3707 651 3783 τᾷ
672 3701 794 3783 μεγάλᾳ
816 3701 940 3780 Δωρίδι
962 3701 1048 3785 uelem
1071 3701 1149 3765 ποτὲ
1174 3699 1350 3778 βλαετόν-

457 3903 558 3969 ἄλλον
581 3907 614 3967 δ’
636 3904 731 3970 αἶνον
754 3905 819 3982 ἔχω
842 3904 1036 3982 ματροπόλει
1057 3908 1133 3986 τᾷδε
1156 3903 1337 3982 κράτιετον,

457 4017 565 4092 δῶρον
587 4018 646 4078 τοῦ
669 4015 809 4093 μεγάλου
832 4016 997 4093 δαίμονος,
1020 4014 1145 4094 αὔχημα
1167 4013 1333 4092 μέγιετον·

398 4302 422 4367 *l
448 4301 1027 4368 [1111100111ιί11ιο1010101100111010111
1050 4317 1106 4354 non
1128 4299 1286 4366 indomito,
1310 4307 1341 4356 ut
1358 4303 1440 4353 11111111

330 4393 471 4458 Augustus
490 4393 642 4446 Meiueluius
662 4394 753 4462 arguit
773 4395 867 4448 adnot.
887 4395 924 4449 ad
942 4395 1009 4450 Ocd.
1031 4394 1087 4448 Col.
1108 4397 1143 4461 (11.
1165 4395 1241 4459 1863)
1262 4413 1291 4464 p.
1315 4402 1360 4448 164
1377 4393 1418 4460 sq]
