2942 5134
300 347 364 417 400
645 358 692 414 ns
716 361 865 415 onxrroo
889 358 1093 416 sornoonno

301 514 550 606 expugnandam
572 517 701 584 Troiam
724 516 929 606 proticisci*).
963 518 1032 585 Neo
1054 539 1166 604 prosae
1189 517 1332 586 orationis
1349 541 1399 584 usus

301 631 421 695 differt:
459 631 543 694 unde
570 653 669 694 unum
701 631 902 714 potissimum
935 630 1114 715 exemplum
1142 631 1308 715 promimus
1315 681 1322 714 ,
1351 654 1399 714 qua.

301 741 376 825 quid
399 741 484 804 inter
505 743 580 807 νέο(
603 744 635 804 et
650 743 766 820 νεαρό(
788 741 935 804 notiones
950 741 1088 824 intersit,
1113 741 1308 824 apertissime
1328 741 1399 804 decla·

301 855 406 934 ratur,
436 850 659 933 Xenophontis
687 851 721 913 in
750 849 947 934 Cyropaedia
969 851 1000 933 I,
1023 851 1055 933 4,
1079 852 1114 914 3:
1151 850 1225 915 ἀλλ’
1250 852 1401 930 bresorio

301 963 337 1026 ἐν
361 964 509 1039 ιώμαειν,
532 961 600 1025 ὅαοι
622 962 707 1026 νέοι
731 961 824 1026 ὄντε(
845 961 977 1038 μέγεθος
1000 961 1129 1042 ἔλαβον,
1152 960 1240 1039 dnum
1255 961 1402 1041 ἐμφαίνεται

300 1073 338 1135 τὸ
375 1073 521 1151 νεαρὸν
559 1072 678 1148 αὐτοῖς,
715 1073 734 1134 ὃ
771 1073 941 1149 κατηγορεῖ
975 1072 1034 1148 τὴν
1067 1069 1312 1146 ὀλιγοετίαν,
1343 1070 1403 1133 οὕτω

302 1203 328 1244 e.
346 1204 376 1265 q.
399 1204 424 1244 s.
448 1219 490 1229 -
512 1180 607 1243 Hane
629 1180 728 1262 igitur
750 1182 880 1242 tenerae
904 1179 1019 1242 aetatis
1041 1179 1206 1243 notionem
1230 1202 1298 1242 cum
1318 1179 1403 1256 νεαρίι

302 1313 362 1354 vox
385 1291 468 1372 apud
491 1290 638 1372 antiquos
662 1292 782 1351 certam
804 1292 836 1351 et
859 1293 1059 1352 constantem
1082 1293 1203 1371 servet,
1238 1288 1405 1371 consequitur

300 1403 337 1462 ut
359 1400 494 1462 absurdo
522 1399 663 1481 epitheto
693 1398 727 1462 in
750 1398 895 1461 Atticam
923 1398 1053 1462 inruens
1081 1398 1182 1462 hostis
1211 1400 1323 1478 νεαρόα
1340 1418 1404 1460 voce

301 1513 363 1572 tur.
409 1509 496 1592 Ergo
519 1508 557 1571 de
586 1507 777 1571 emendandi
804 1508 996 1571 necessitate
1023 1509 1214 1591 rectissime,
1251 1529 1406 1592 quamquam

302 1642 367 1682 non
389 1619 445 1682 illa
468 1641 548 1702 quae
571 1618 723 1700 primaria
751 1619 800 1680 est
823 1639 935 1680 caussa
961 1618 1040 1680 moti
1047 1668 1056 1700 ‚
1088 1640 1159 1681 oum
1187 1618 1244 1681 alii
1271 1623 1331 1681 tum
1350 1615 1407 1678 Her·

302 1750 439 1791 marmus
467 1727 666 1811 cogitarunt,
699 1727 879 1790 adsciscens
907 1726 934 1789 is
962 1727 1089 1810 quidem
1117 1730 1270 1808 νέωροε
1291 1728 1406 1791 somam.

303 1859 368 1901 non
401 1860 471 1900 eam
504 1837 639 1921 synizesi
674 1839 873 1900 contractam
907 1859 977 1900 cum
999 1836 1164 1900 Wundero
1192 1840 1231 1902 τὸ
1254 1839 1309 1918 μέν
1327 1857 1364 1900 ιιι
1382 1835 1408 1897 οὐ

302 1949 427 2026 νέωρο(
449 1949 523 2011 οὔτε
545 1949 642 2030 γήρᾳ,
675 1946 730 2009 sed
757 1947 822 2009 leni
850 1946 1101 2028 transpositione
1122 1947 1227 2009 versui
1250 1948 1295 2010 sic
1316 1944 1409 2009 adhibi·

302 2061 369 2119 tam
391 2059 428 2121 τὸ
451 2058 507 2135 μέν
530 2058 654 2137 νέωρό(
675 2078 721 2121 τι(
744 2057 818 2120 οὔτε
840 2058 931 2139 γήρᾳ,
955 2056 1084 2119 ‘omissa
1104 2059 1140 2119 ut
1161 2078 1258 2140 saepe
1280 2055 1409 2138 inpriore

303 2167 444 2229 membro
471 2167 668 2250 negatione’.
714 2165 801 2240 Quae
829 2165 933 2228 forma
965 2187 1036 2230 curn
1064 2170 1115 2230 sat
1141 2166 1314 2250 locupletes
1338 2168 1410 2226 testes

303 2276 453 2339 Plautium
475 2299 506 2358 p.
524 2276 596 2356 297,
614 2276 633 2338 9
657 2280 689 2338 et
711 2275 905 2358 Hesychium
929 2298 960 2357 p.
982 2275 1051 2358 152,
1076 2276 1138 2340 423
1160 2275 1280 2338 habeat
1300 2277 1410 2352 νέιυρον.

302 2389 380 2451 νέον
404 2386 589 2468 prodentes,
623 2385 683 2447 etsi
712 2407 776 2448 non
806 2389 854 2448 est
882 2407 958 2448 sune
988 2406 1043 2448 cur
1071 2385 1117 2447 ita
1140 2385 1279 2448 scribere
1301 2384 1411 2468 potuine

302 2496 492 2578 Sophoclem
515 2495 670 2558 morosius
693 2516 802 2578 neges,
826 2496 936 2557 tamen
958 2497 1078 2557 certam
1100 2494 1150 2557 vel
1173 2495 1359 2558 evidentiam
1377 2489 1412 2552 rel

303 2606 563 2687 probabilitatem
591 2628 628 2668 ea
657 2604 837 2669 emendatio
859 2607 926 2666 tam
954 2604 1007 2666 diu
1029 2624 1094 2667 non
1121 2603 1236 2687 habet,
1265 2625 1354 2687 qnam
1375 2600 1412 2661 diu

302 2716 366 2778 alia
394 2715 428 2777 in
456 2719 606 2798 promptu
636 2720 772 2778 estnon
793 2714 897 2776 minus
921 2714 1084 2776 commoda
1107 2714 1283 2776 autetiam
1306 2731 1413 2777 conmn

305 2881 505 2889 -...——-—-.—.

370 2988 394 3049 *ν
414 2986 502 3039 Simili
521 2989 639 3038 fortasse
657 2984 849 3052 arnbiguitate,
868 2986 951 3051 atque
969 2981 1144 3037 Pindaricum
1162 2983 1215 3038 hoc
1233 2985 1277 3039 vel
1294 2983 1355 3037 illud
1367 2981 1413 3046 Hip

303 3078 400 3148 polpti,
418 3079 556 3147 Euripidis
576 3080 732 3147 exemplum
749 3079 802 3130 luit
820 3077 894 3146 aliud
907 3077 1128 3130 Antiatticistam
1145 3095 1172 3146 p.
1189 3085 1246 3142 109,
1266 3085 1308 3131 15:
1326 3077 1414 3141 νεαροι·

302 3176 365 3226 ἀντί
382 3178 434 3226 τοῦ
454 3175 532 3234 utor„
559 3172 708 3238 Εὐριπίδη(
727 3173 881 3238 Ὑψιπύλῃ,
909 3170 982 3236 quod
1001 3169 1067 3236 quid
1086 3169 1139 3222 sibi
1156 3169 1226 3223 velit
1243 3167 1415 3224 testimoniarev

302 3283 407 3334 parurn·
418 3265 513 3331 liquet.
552 3264 724 3330 Quamquam
744 3264 774 3328 si,
794 3263 867 3329 quod
886 3265 930 3315 est
947 3263 1070 3315 omnium
1087 3261 1332 3331 simplicissimum,
1350 3274 1414 3323 sequ·

301 3377 374 3423 nrrrr,
401 3376 456 3411 non
479 3357 564 3410 ahurn
586 3357 637 3408 nisi
656 3357 801 3424 puerulum
820 3356 969 3424 Ophellam
992 3355 1093 3408 dixisse
1111 3358 1216 3422 νεαρὸν
1235 3358 1318 3424 poeta
1336 3349 1415 3404 ridebi-

301 3454 359 3503 tur:
391 3469 472 3517 qrrern
495 3453 598 3517 νήπιον
621 3453 707 3502 παῖδα
728 3449 913 3517 Apollodorus
931 3449 984 3513 ΙΙΙ,
1008 3454 1036 3513 0,
1055 3453 1072 3499 4
1090 3447 1229 3515 appellat,
1249 3451 1348 3514 νήπιον
1363 3449 1416 3496 trra

303 3547 388 3597 παῖδα
406 3547 450 3596 καί
468 3546 540 3607 ἄγαν
558 3545 653 3609 ἄωρον
671 3544 880 3609 τελευτήςαντα
892 3541 1055 3594 Plutarchus
1074 3541 1176 3593 consol.
1196 3541 1288 3610 Apolli
1308 3559 1332 3609 p.
1348 3547 1386 3590 lla
1397 3539 1415 3589 ίῖ

303 3639 413 3690 παιδίον
432 3636 582 3690 scholiasta
600 3635 749 3688 bleramus
768 3633 958 3698 Alexandrini,
983 3633 1080 3700 cuique
1098 3636 1132 3686 τὸ
1151 3636 1256 3700 νήπιον
1281 3635 1337 3702 ipse
1353 3634 1416 3699 Ῑιοείι

302 3730 438 3782 tribuerat
461 3733 491 3782 sr.
518 3737 566 3782 754
588 3729 616 3780 in
638 3728 756 3780 Nanckii
779 3729 862 3794 Trag.
889 3731 986 3795 fragm.
1013 3746 1039 3794 p.
1060 3732 1117 3779 408.
1142 3757 1174 3764 -
1204 3727 1246 3779 Ad
1266 3724 1416 3780 Homericum

302 3825 395 3876 autem
413 3840 522 3874 versum
541 3825 669 3890 apertum
692 3825 734 3874 est
753 3821 883 3873 Photium
905 3839 931 3887 p.
953 3826 1014 3882 291,
1040 3827 1070 3872 10
1102 3836 1164 3872 cum
1188 3819 1274 3872 Suida
1304 3836 1328 3886 p.
1346 3817 1416 3870 ilii

303 3918 440 3983 spectare:
460 3915 569 3981 νεαροί·
588 3917 653 3981 νέοι,
673 3917 777 3980 νήπιοι,
795 3914 918 3978 itemque
937 3913 1104 3980 Hesychiurn
1122 3931 1148 3981 p.
1172 3919 1228 3977 144,
1249 3917 1310 3966 186ε
1333 3921 1416 3972 νεαροι·

303 4010 422 4074 νεογνοί,
442 4011 544 4074 νήπιοι.
561 4009 587 4060 oi
606 4010 670 4060 νέοι,
705 4006 765 4058 Nisi
786 4007 830 4058 hic
853 4009 960 4073 νήπιοι,
992 4007 1048 4059 νέοι
1071 4005 1257 4058 scribendmn.
1282 4033 1316 4044 -
1335 3996 1417 4064 Quralri

303 4100 416 4168 dignum
435 4100 619 4168 explicatione
637 4099 812 4166 grarnmatici
836 4101 936 4164 veopdc
958 4099 1123 4152 vocabulum
1146 4099 1316 4160 habuerunt,
1343 4099 1417 4146 tamar

303 4194 400 4245 carlom
420 4193 480 4246 illus
500 4193 536 4245 ad
555 4192 719 4260 explicanda
737 4193 793 4244 alia
811 4192 991 4258 exquisitiora
1013 4209 1076 4244 usos
1095 4208 1155 4243 csse
1175 4190 1242 4243 satis
1262 4207 1297 4243 ea
1314 4184 1416 4250 ererupla

303 4285 405 4338 docent
423 4304 493 4351 quae
512 4287 595 4338 (locta
613 4285 793 4338 arlnotationo
812 4284 969 4338 llindorlius
988 4284 1144 4353 composuit
1160 4283 1189 4335 in
1207 4275 1411 4350 Sophonisba!

304 4376 360 4430 Col.
380 4384 437 4432 475.
