2942 5134
455 371 578 427 ouorm
600 370 764 428 coronat.
1117 352 1180 426 399

60 527 207 606 {vomlis
240 527 400 598 coalescit.
446 527 566 598 Contra
593 527 793 595 memorabili
821 525 967 615 exemplo
999 547 1181 596 mensuram

55 646 236 712 trochaicam
263 643 368 727 ipsum
395 643 511 724 νεαρός
537 641 726 706 vocabulum
759 640 842 726 apud
871 640 1045 706 Pindarum
1073 645 1181 706 tuetur

56 758 137 841 Pyth.
159 755 198 839 X,
220 754 264 818 25
290 755 340 818 καὶ
361 754 457 820 Ζώων
480 751 525 816 ἔτι
547 752 682 832 νεαρόν,
717 751 772 835 qui
793 772 902 815 versus
930 750 981 816 his
1009 752 1182 835 respondet

57 863 298 932 constantissime
327 863 460 946 longam
487 862 689 926 servantibus
717 861 965 945 paenultimam:
1000 866 1067 927 τῶν
1089 864 1123 926 δ’
1145 863 1181 928 έν

55 977 162 1042 Ἐλλάδι
182 979 332 1054 τερπνῶν
354 1009 396 1022 —-
419 971 512 1052 ὀλβία
540 972 739 1050 Λακεδαῑμον
760 1009 803 1018 -
824 972 949 1047 γεύεται
969 973 1031 1052 γὰρ
1054 972 1181 1037 ἀέθλων

55 1084 212 1168 -etqui
234 1085 310 1147 suut
330 1079 455 1165 reliqui.
500 1079 546 1144 Vt
572 1102 638 1146 uon
660 1079 804 1164 profecto
826 1079 936 1165 inepte
958 1102 1055 1166 agere
1076 1080 1182 1146 videa-

54 1201 111 1277 tur,
133 1194 202 1278 qui,
225 1191 306 1276 quod
329 1191 473 1256 Pindaro
493 1190 599 1274 licuit,
628 1189 712 1254 idem
733 1190 768 1253 in
790 1189 891 1274 lyrico
913 1211 1031 1275 genere
1054 1191 1182 1256 licuisse

55 1303 190 1388 Sophocli
221 1305 354 1387 arguat:
397 1300 461 1386 nisi
492 1303 602 1364 tammr
634 1299 826 1385 gravissima
861 1300 1020 1365 dubitatio
1053 1301 1182 1366 aliunde

54 1417 203 1478 nascatur.
248 1409 324 1476 Non
345 1410 546 1476 haerebimus
568 1431 655 1474 nuno
677 1410 712 1474 in
734 1411 775 1477 οὐ
795 1447 837 1459 -
856 1411 931 1477 οὔτε
952 1411 1182 1496 particularum

54 1525 208 1588 societate:
232 1543 328 1606 quam
350 1521 404 1584 diu
426 1522 475 1584 cat
497 1540 535 1584 ex
558 1541 620 1604 quo
642 1520 684 1584 ab
706 1519 851 1584 Elmsleii
872 1518 1071 1606 Reisigiique
1092 1521 1182 1586 dubi-

54 1634 217 1698 tationibus
240 1633 280 1697 od
302 1669 345 1682 -
367 1631 445 1696 οὐδέ
468 1630 685 1714 expetentium
713 1628 918 1696 Hermannus
943 1630 1121 1696 vindicavit
1147 1632 1182 1696 in

53 1742 120 1806 Eur.
142 1741 227 1806 Med.
251 1764 283 1824 p.
306 1741 371 1806 330
392 1761 460 1824 sqq.
483 1739 547 1804 400
569 1761 636 1824 sqq.
682 1738 802 1804 Verum
829 1739 912 1825 quod
940 1740 1058 1824 νεαρός
1085 1741 1182 1828 vulgo

54 1853 180 1916 credihrr
207 1872 277 1916 esse
304 1849 474 1931 ‘iuvenis',
512 1849 545 1914 id
567 1849 694 1934 quidem
715 1871 845 1933 prorsus
866 1849 949 1952 {also
972 1851 1058 1916 credi
1081 1851 1182 1916 scieu-

54 1961 119 2026 dum
145 1967 209 2026 cst:
247 1960 289 2024 ad
314 1963 459 2024 teneram
492 1959 578 2024 enim
611 1959 689 2024 illud
717 1961 857 2024 aetatem
890 1961 1059 2045 puerilem,
1097 1961 1182 2026 haud

53 2093 198 2155 quaquam
227 2069 269 2136 ad
295 2069 467 2134 iuvenilem
494 2071 639 2153 spectare
666 2069 811 2152 exempla
833 2073 999 2154 poetarum
1021 2071 1062 2136 ad
1084 2095 1182 2136 unum

52 2183 149 2246 omnia
170 2181 333 2246 evincunt.
377 2179 524 2244 Infantes
546 2177 704 2242 Homerus
733 2180 856 2264 cogitat
883 2201 955 2244 curn
976 2185 1087 2248 παῖδε(
1109 2204 1182 2248 νεα-

52 2295 96 2370 ροὶ
114 2293 206 2373 χῆραί
229 2313 263 2357 τε
286 2293 432 2367 γυναῖκες
454 2288 534 2354 dicit
554 2287 665 2354 Iliadis
686 2287 737 2371 ΙΙ,
760 2288 838 2354 289;
871 2289 911 2354 de
933 2313 1031 2375 puero
1053 2296 1182 2358 broube-

51 2404 150 2488 δρόμῳ
183 2401 344 2466 Pindarus
375 2397 514 2482 loquitur
546 2399 568 2461 l.
597 2419 623 2462 s.
652 2421 695 2462 a:
738 2397 777 2462 de
810 2397 916 2462 filiolis
949 2400 1108 2484 Thyestae
1142 2403 1182 2466 ab

52 2512 143 2576 Atreo
168 2509 322 2576 mactatis
350 2507 436 2572 dicta
463 2511 539 2572 sunt
565 2509 677 2574 τέλεον
706 2513 835 2588 νεαροῖς
861 2510 1009 2576 έπιθύςας
1037 2511 1073 2576 iu
1094 2513 1183 2598 Aga·

51 2641 210 2686 memnone
238 2643 268 2684 v.
296 2619 377 2682 1472
410 2617 459 2682 ed.
488 2615 616 2682 Herm:
653 2618 833 2682 adultorum
862 2622 895 2683 et
921 2621 1064 2686 nondum
1095 2622 1183 2686 adul-

50 2733 145 2796 torum
172 2728 335 2815 oppositio
361 2727 398 2790 fit
424 2726 543 2792 ibidem
569 2751 599 2791 v.
623 2729 687 2792 344
712 2731 787 2808 μήτε
810 2731 909 2808 μέγαν
931 2732 1006 2812 μήτ’
1027 2731 1088 2801 οὖν
1110 2755 1183 2800 νεα.

50 2847 112 2918 ρῶν
139 2861 232 2917 τινα,
263 2839 342 2902 item
374 2859 543 2922 puerorum
576 2859 749 2921 senumque
781 2860 811 2902 v.
845 2840 886 2904 76
918 2843 1035 2921 νεαρὸς
1067 2845 1183 2922 μυελὸς

50 2953 141 3034 (ἰςχὺς
167 2950 307 3034 ἰςόπαις)
339 2950 372 3010 et
399 2947 599 3028 λςόπρεςβυςε
635 2947 801 3030 puerulum
834 2949 979 3014 Orestem
1011 2951 1183 3037 Iphiger'ria

50 3059 122 3124 dicit
142 3062 267 3142 βρέφος
290 3059 402 3124 ἔλιπον
424 3057 575 3134 ἀγκάλαις
589 3059 708 3138 νεαρὸν
724 3065 863 3142 τροφοῦ,
887 3063 1006 3140 νεαρὸν
1021 3063 1057 3128 έν
1073 3062 1183 3142 δόμοις

50 3191 76 3233 v.
97 3171 159 3236 835
181 3169 233 3233 ed.
257 3167 399 3232 Nauck:
427 3167 623 3252 Ganymedis
645 3169 804 3247 πρόςωπα
825 3172 925 3250 νεαρά
947 3170 1033 3253 idem
1055 3171 1183 3256 Euripi-

49 3279 98 3342 des
119 3279 239 3344 Troad.
262 3277 339 3342 835:
362 3276 453 3360 quasi
475 3277 629 3360 puerilem
650 3278 855 3342 teneritatem
877 3288 910 3343 et
931 3281 1098 3346 mollitiem
1120 3285 1184 3346 oris

49 3389 125 3452 idem
147 3388 315 3474 significat
330 3385 507 3470 Hippolyto
529 3388 643 3467 ςάρκας
665 3390 782 3468 νεαρὰς
804 3391 923 3456 ξανθόν
943 3413 977 3456 τε
1000 3393 1081 3472 κάρα
1103 3399 1183 3476 (δια

48 3501 225 3586 λομανθείς)
262 3497 407 3561 tribuens
444 3494 542 3579 Hipp.
584 3495 675 3560 1343.
727 3495 797 3561 Nec
833 3497 990 3564 Pindarus
1023 3507 1184 3587 repugnat

48 3609 154 3674 lathm.
177 3607 276 3690 VIII,
300 3607 356 3670 47:
390 3607 441 3670 καὶ
462 3605 581 3685 νεαρὰν
603 3605 726 3672 ἔδειξαν
749 3612 863 3688 ςοφῶν
886 3611 1019 3690 ςτόματ’
1041 3613 1183 3694 ἀπείροι-

48 3742 91 3786 ςιν
112 3721 234 3801 ἀρετὰν
250 3716 406 3798 Ἀχιλέοςε
428 3713 658 3778 recordandum
674 3719 722 3780 cst
738 3717 825 3780 euim
847 3741 1020 3786 sexennem
1043 3724 1185 3807 coepisse
1207 3744 1243 3794 vn

50 3830 205 3893 Achillem
227 3825 355 3890 virtutis
376 3823 523 3887 iuvenilis
545 3823 735 3890 documenta
758 3827 850 3892 edere
873 3830 983 3894 eodem
1004 3836 1086 3897 teste
1108 3834 1184 3898 Piu-

47 3938 119 4002 daro
141 3939 239 4002 Nem.
261 3935 322 4017 111,
343 3933 386 3998 49
414 3933 534 4017 (ἑξέτης
556 3939 737 4019 τοπρῶτον,
762 3937 842 4004 ὅλον
865 3943 898 4003 δ’
920 3943 1023 4008 ἔπειτ’
1045 3945 1085 4009 ἀν
1108 3947 1184 4025 χρό-

47 4051 134 4132 νον),
168 4063 352 4111 novennem
379 4047 486 4106 autam
513 4043 640 4107 filiabus
671 4044 853 4128 Lycomedis
876 4071 909 4114 se
932 4053 1083 4137 miscere,
1118 4076 1184 4119 non

47 4159 189 4240 profecto
211 4156 359 4219 iuvenem
381 4151 436 4215 sed
459 4150 741 4238 adulescentulum,
766 4162 894 4224 auctore
910 4162 1105 4245 Apollodoro
1122 4163 1183 4249 ΠΙ,

49 4271 94 4352 13,
117 4270 149 4352 8,
175 4267 229 4332 vel
250 4265 322 4328 ‘vix
345 4262 394 4326 bis
416 4283 509 4326 senos
532 4269 651 4326 aunos'
675 4271 825 4349 agentern
848 4273 1023 4337 secuudum
1046 4273 1186 4341 Statium

49 4378 161 4442 dchill.
192 4376 246 4457 Π,
273 4373 336 4438 396
343 4420 352 4453 ,
388 4371 475 4434 brevi
503 4375 610 4434 211le
636 4384 789 4470 temporis
817 4381 921 4463 spatio
949 4383 1118 4451 interiecto
1144 4387 1186 4454 ad
