2952 5132
296 283 359 348 462
765 299 811 347 na
833 300 982 349 uaasrrs

382 452 471 536 (XV)
510 452 729 536 Amphipolim
761 451 1028 518 commemorandi
1057 451 1116 515 etsi
1143 450 1205 514 fuit
1234 472 1307 515 sane
1331 449 1406 513 etiam

298 562 426 627 Pellaeo
448 563 595 646 Marsyae
618 563 799 647 largissima
822 568 854 627 et
876 562 1099 647 opportunitas
1122 565 1154 624 et
1169 583 1243 624 vero
1264 562 1406 624 necessitas

298 673 372 736 inde
396 673 436 736 ab
453 673 632 756 olympiade
656 674 711 756 78,
746 677 855 736 tamen
883 673 1040 756 imprimis
1069 671 1228 756 copiosam
1255 671 1319 734 eius
1342 670 1407 732 urb'u

299 783 545 866 descriptionem
578 783 738 846 exstitisse
769 784 803 846 in
831 782 1048 866 Philippensis
1077 781 1292 845 Macedonicis
1320 780 1407 842 docent

299 893 420 956 scholia
435 892 596 956 Vaticana
619 893 653 955 in
669 892 831 976 Euripidis
854 891 996 955 Rhesum
1017 915 1047 956 v.
1064 893 1126 956 346
1147 892 1254 955 verbis
1274 890 1307 954 in
1327 887 1408 952 codice

300 1002 555 1086 corruptissimis,
579 1003 625 1066 sic
647 1006 754 1066 autem
776 1002 1061 1086 redintegratisab
1076 1000 1265 1065 Hermanno
1279 996 1409 1083 Opusc.l

299 1136 331 1197 p.
351 1114 412 1177 190
423 1135 486 1196 sq.:
510 1114 569 1178 οὐκ
591 1113 695 1193 εἴρηκε
710 1113 797 1178 rivo(
815 1115 955 1178 Μουειίιν
970 1113 989 1177 ὁ
1005 1113 1115 1191 ‘eaeor
1136 1112 1183 1191 εἴη
1199 1115 1284 1176 παῖε.
1309 1112 1410 1175 uerno<

299 1225 407 1301 μέντοι
435 1225 580 1298 λέγουειν
610 1223 708 1288 αὐτὸν
738 1222 836 1300 εἶναι,
865 1224 1007 1303 καθάπερ
1031 1223 1214 1302 Μαμεύαε
1241 1221 1411 1298 ὁνειίιτεροι

300 1334 335 1398 ἐν
358 1336 425 1397 τοῑε
450 1334 680 1401 Μακεδονικοῑε
704 1334 754 1416 (ἐν
776 1337 888 1397 afr.
912 1333 1044 1411 οἰκοδομ
1066 1338 1144 1395 .“,’.
1169 1331 1254 1418 cod.)
1281 1333 1411 1411 περὶτῶν

299 1443 488 1522 κακομόρων
511 1444 649 1523 γράφων
673 1443 791 1508 οὕτωε-
816 1442 889 1508 «εἰεί
911 1444 946 1508 δὲ
969 1444 1001 1507 οἳ
1023 1444 1073 1506 καὶ
1099 1443 1171 1521 περὶ
1197 1442 1315 1506 τούτου
1339 1439 1410 1505 είιιον

299 1557 396 1618 τοῦτο
426 1553 556 1637 (τοῦτον
580 1553 679 1637 cod.)·
718 1554 815 1618 Κλειὼ
845 1555 902 1632 τὴν
931 1553 1007 1618 θεὸν
1035 1553 1100 1617 ὑπὸ
1122 1555 1180 1616 τοῦ
1203 1552 1372 1631 (τμυμόνοε
1389 1549 1413 1610 ἐκ

300 1667 358 1728 τοῦ
387 1668 488 1744 χοροῦ
518 1662 660 1746 (χρόνου
684 1663 768 1748 cod.)
790 1669 856 1728 τῶν
880 1665 1020 1728 Μουειίιν
1043 1665 1264 1744 νυμφευθῆναι
1289 1657 1413 1727 τεκνῶεαί

302 1764 387 1880 (serii)
412 1798 495 1882 cod.)
522 1819 556 1863 τε
578 1801 636 1865 τὸν
659 1799 795 1878 Ῥῆεον.»
826 1800 875 1863 καὶ
896 1800 966 1878 μετ’
988 1798 1115 1875 ὀλίγον*
1139 1797 1245 1864 «tenu
1272 1797 1351 1875 ἱερὸν
1374 1797 1412 1869 τῆ(

304 1908 432 1972 Κλειοῡε
456 1909 490 1974 ἐν
513 1909 699 1988 Ἀμφιπόλει
726 1909 851 1987 ἱδρυθὲν
881 1908 1035 1974 ἀπέναντι
1064 1913 1122 1972 τοῦ
1149 1907 1266 1985 Ῥήεου
1292 1905 1412 1986 μνημείου

268 2036 283 2084 9
302 2018 353 2081 ἐπὶ
377 2017 484 2098 λόφου
504 2019 613 2083 τινόε.»
637 2018 777 2093 Quarum
800 2017 1058 2081 emendationum
1080 2038 1151 2081 cum
1165 2016 1334 2100 pleraeque
1347 2018 1412 2076 extra

303 2127 551 2191 controversiam
572 2128 695 2211 positae
718 2128 793 2210 sint,
818 2128 856 2191 de
871 2150 935 2191 uno
953 2129 1025 2206 περὶ
1041 2131 1106 2192 τῶν
1121 2129 1312 2206 κακομόριυν
1333 2121 1412 2187 nescio

303 2261 345 2300 an
367 2238 512 2301 dubitare
535 2239 646 2320 liceat,
676 2238 879 2320 quantmnris
903 2238 981 2302 scite
1010 2237 1191 2320 excogitato
1221 2259 1280 2320 pro
1301 2257 1334 2297 eo
1353 2228 1413 2315 qud

303 2348 434 2410 affertur
456 2369 472 2410 e
496 2348 602 2410 codice
625 2352 690 2413 τῶν
714 2352 852 2427 κακοβρῐ.
902 2346 1100 2430 Quamquam
1125 2367 1231 2430 apage
1253 2346 1334 2409 velut
1352 2344 1412 2404 haur

303 2457 575 2521 halucinationem
601 2459 635 2523 ἐν
659 2462 724 2522 τῶν
749 2460 978 2523 Μακεδονικῶν
1009 2457 1063 2521 [¹¹¹¹
1086 2457 1135 2520 καὶ
1156 2457 1199 2520 κῳ
1226 2455 1330 2540 βιβλίῳ
1355 2452 1379 2514 ίι.
1394 2475 1412 2510 κ.

303 2568 397 2649 τρίτῳ
427 2570 476 2632 καὶ
504 2569 647 2650 εἰκοετῷε
682 2589 762 2650 quae
796 2589 909 2650 parum
941 2567 1059 2630 usitata
1087 2566 1129 2629 sit
1156 2566 1280 2630 citandi
1310 2561 1406 2627 ratio*

304 2814 448 2879 corruptas
468 2829 527 2866 esse
547 2829 561 2865 e
580 2811 753 2879 Thucydidio
773 2811 833 2876 (IV,
854 2815 915 2879 102)
939 2812 1116 2877 Κμάδεμνα
1138 2810 1252 2865 nomine
1271 2803 1412 2878 suspicatur¹

304 2905 397 2957 Simile
416 2907 531 2958 lacunae
549 2904 697 2971 vestigium
714 2904 743 2956 in
756 2903 868 2970 reliquis
887 2903 963 2955 libris
983 2903 1149 2958 obscuratae
1166 2903 1243 2957 idem
1262 2899 1412 2957 codexhsla

305 3014 327 3048 v.
349 3000 482 3061 ἀγυιᾱε·
502 3039 545 3051 ,..
563 3000 672 3063 βέλτιον
689 2998 718 3049 δὲ
731 3003 868 3064 περιεπᾶν
881 2999 920 3050 ὼε
937 2998 1060 3050 ἀπὸτοῦ
1077 2997 1187 3061 ἀγυιέαε
1206 2997 1302 3064 [immo
1313 2988 1408 3058 trualt]

304 3091 414 3153 ἀγυιεὺε
437 3091 466 3142 δέ
489 3092 544 3143 ἐετι
567 3091 637 3144 κίων
661 3093 715 3157 (pr.
735 3107 771 3142 m.
791 3092 884 3154 κύων)
912 3090 951 3144 εἰ(
975 3091 1023 3144 ὀξὺ
1047 3090 1193 3154 ἀπολίγιιιν
1211 3091 1248 3143 ὃν
1266 3091 1369 3142 Ιετᾱειν·
1387 3084 1412 3133 υ(

304 3184 389 3248 εαφέε
408 3187 533 3236 ποιοῡειν
552 3184 741 3251 ἀριετοφάνηε
759 3200 791 3236 τε
808 3184 838 3235 ἐν
851 3185 933 3249 εφηξί
951 3185 996 3236 καί
1015 3184 1128 3238 εὔπολιε
1147 3183 1177 3235 ἐν
1196 3184 1254 3249 πρὸ
1272 3187 1329 3235 τῶν
1344 3179 1413 3241 θυρίον

305 3275 389 3328 ἰδίου(
412 3277 441 3327 δὲ
465 3293 487 3328 c.
504 3292 528 3341 q.
545 3295 564 3328 s.
585 3276 692 3329 Scribe:
715 3277 826 3340 ἀγυιεῦ(
850 3277 879 3328 δέ
903 3276 958 3328 ἐετι
987 3275 1057 3328 κίων
1080 3276 1119 3329 είε
1142 3276 1191 3330 dtu
1215 3276 1373 3338 ἀπολήγων,
1392 3269 1411 3317 l'·

305 3370 390 3420 ίετᾶει
408 3369 464 3434 πρὸ
476 3374 537 3420 τῶν
549 3374 651 3434 Θυμών,
671 3371 710 3421 ιίιε
729 3369 812 3434 εαφὲε
832 3372 958 3421 ποιοῡειν
977 3369 1177 3435 Ἀριετοφάνηε
1195 3385 1227 3422 τε
1245 3370 1275 3420 ἐν
1293 3366 1367 3430 (puli
1384 3375 1412 3408 και

303 3461 448 3513 Εὔπολιε
472 3463 506 3513 ἐν
526 3487 567 3515 ιι.
590 3461 674 3515 ίδίουε
693 3462 771 3513 δὲ-.
796 3459 925 3513 Ceterum
943 3460 977 3512 de
996 3465 1120 3527 μαμοῦεα
1137 3462 1166 3513 et
1179 3463 1361 3524 μακεδονικαῑ(
1375 3468 1412 3504 uui

306 3553 466 3622 discrepant
484 3555 562 3607 Cant.
583 3558 611 3607 ct
630 3555 705 3617 tlal.;
724 3553 772 3607 sed
790 3553 884 3620 paullo
903 3555 967 3607 ante
985 3571 1041 3607 non
1059 3570 1154 3606 verum
1173 3555 1215 3606 est
1234 3552 1262 3604 in
1276 3548 1413 3618 Argolicam

306 3664 366 3699 csse
385 3647 502 3713 ληναίου
520 3650 622 3714 φόρου,
642 3647 688 3713 qui
706 3647 793 3698 habet
810 3647 917 3699 λιναίου
935 3647 1040 3712 φόρους
1059 3645 1199 3698 Parisinus
1218 3647 1321 3702 autern.
1337 3641 1364 3692 de
1375 3653 1412 3700 νδ·

305 3741 425 3802 tacetur,
450 3758 510 3792 cum
530 3741 608 3794 Cant.
630 3743 657 3793 et
676 3739 736 3792 Gal.
761 3741 839 3791 tenet
861 3739 986 3806 lavellus
1003 3741 1104 3806 φόρου.
1148 3737 1225 3802 Quae
1244 3741 1275 3791 ut.
1291 3737 1347 3788 suut
1366 3747 1412 3782 aar

306 3834 389 3898 lesia,
407 3836 501 3887 tamen
519 3833 633 3886 nimiam
652 3832 826 3900 diligentiam
845 3849 900 3885 ιιοιι
918 3834 1063 3885 testantur.
1102 3829 1258 3899 [Simila-er,
1275 3829 1320 3884 scd
1337 3824 1411 3879 ornias

305 3929 353 3980 illa
370 3929 401 3980 ἐν
419 3925 625 3995 praepositione
645 3939 739 3992 (quum
757 3945 774 3979 a
792 3925 932 3979 Dindorfio
951 3943 977 3994 p.
992 3931 1008 3978 8
1026 3927 1149 3994 spretam
1167 3925 1277 3992 miror),
1298 3920 1410 3974 bobran-

305 4020 533 4073 Adversariorum
553 4021 563 4071 l
582 4037 608 4086 μ.
622 4021 691 4086 san]

359 4115 383 4179 *μ
404 4115 480 4180 [περί
499 4118 559 4165 τών
578 4114 649 4165 κατὰ
667 4114 720 4164 τὸν
738 4113 835 4178 Ῥῆεον
853 4112 896 4165 κοί
911 4114 975 4178 περὶ
987 4117 1047 4166 τῶν
1059 4112 1167 4164 τοκέων
1181 4112 1278 4178 Ῥὴεου
1295 4103 1409 4161 lludbrc

306 4226 332 4275 p.
346 4213 390 4268 45,
410 4205 485 4258 haud
503 4223 569 4258 sane
588 4204 778 4272 prolmbilitcr.
815 4205 906 4256 lltiam
924 4204 1133 4271 improbabilius
1151 4220 1203 4271 pro
1222 4204 1260 4257 eis
1278 4216 1340 4268 qrrao
1356 4201 1402 4246 aare

307 4299 408 4352 ccduut
426 4299 540 4352 tloicrus
559 4316 585 4364 p.
601 4303 649 4350 338
670 4298 846 4365 proponebat
864 4301 894 4350 ἐν
912 4304 970 4350 roi(
989 4297 1141 4364 Μυθικοῑε.]
