2954 5134
431 361 478 410 nn
501 362 572 409 cuo
595 361 640 408 nr
662 359 804 409 carons.
1126 344 1188 410 593

584 515 656 594 §I

132 647 234 714 Licuit
262 653 370 714 autem
392 648 486 713 huius
512 649 736 712 necessitatem
765 648 965 713 coniecturae
993 649 1090 712 etiam
1118 648 1188 714 siue

65 759 303 823 testimoniorum
325 759 564 844 comparatione
579 758 802 822 ratiocinando
817 758 952 842 assequi.
982 758 1063 833 Quid
1080 757 1189 822 enirn?

62 869 326 934 oecumenicumne
354 871 616 954 grammaticum,
645 891 738 952 quem
766 891 831 934 uon
859 873 935 932 ante
957 869 1096 932 medium
1121 890 1187 932 sae

63 979 153 1044 culum
179 983 326 1064 quartum
348 979 492 1044 docuisse
521 979 577 1042 illa
605 983 745 1064 arguunt
769 979 941 1046 narbedcoc
964 979 999 1044 ἐν
1024 980 1188 1046 Κωνεταν-

61 1090 139 1154 τίνου
169 1091 273 1168 πόλει,
314 1089 558 1154 commentarios
594 1089 729 1153 edidisse
765 1088 940 1174 Phrynichi
977 1088 1188 1174 impugnandi

62 1217 160 1262 caussa
180 1199 340 1284 scriptos?
367 1199 527 1264 istuncine
554 1199 596 1262 ab
618 1198 803 1289 Herodiano
831 1200 881 1264 rel
904 1199 1056 1264 derelicta
1083 1219 1187 1282 perse-

62 1311 157 1372 cutum
178 1329 243 1372 esse
265 1310 316 1374 rel
339 1313 472 1392 peccata
495 1309 683 1392 correxisse,
708 1309 836 1394 eiusque
858 1309 894 1374 in
915 1309 965 1374 his
986 1309 1102 1373 litteris
1117 1331 1188 1394 reg-

62 1419 171 1500 nantis,
207 1417 479 1504 Tyrannionisve,
523 1419 706 1502 Alexionis,
751 1418 932 1503 Apollonii,
974 1418 1189 1502 antiquiorum

62 1527 147 1590 etiam
173 1528 415 1613 magistrorum,
444 1531 564 1594 reiecta
587 1529 778 1594 anctoritate
806 1552 863 1594 sua
885 1529 1046 1594 suffecisse
1068 1529 1189 1613 qualia·

63 1657 181 1721 cumque
201 1638 346 1722 placita?
382 1639 465 1704 Vide
487 1641 530 1703 sis
553 1639 639 1704 infra
662 1639 770 1704 allata.
813 1637 888 1702 Non
909 1638 971 1703 fuit
998 1638 1106 1702 hercle
1128 1639 1189 1703 iste

62 1767 119 1810 mos
150 1749 399 1814 umbraticorum
432 1749 558 1814 illorum
592 1749 835 1834 Byzantiorum,
864 1769 998 1833 quorum
1032 1770 1189 1812 commen·

61 1855 139 1920 tandi
160 1859 326 1944 angustias
350 1859 488 1924 breviter
509 1861 565 1924 sed
587 1860 733 1944 apposite
749 1859 967 1943 Goettlingius
988 1857 1190 1922 adumbrarit

61 1967 147 2046 praef.
164 1969 196 2031 in
212 1969 424 2034 Theodosium
441 1993 472 2054 p.
490 1969 569 2034 VIII
584 1993 629 2054 sq.
674 1970 728 2034 An
750 1968 835 2033 illius
858 1969 974 2032 aetatis
997 1968 1188 2054 Byzantium

61 2079 100 2137 tot
120 2078 307 2161 scriptorum
329 2083 424 2162 putas
447 2084 479 2144 et
494 2080 697 2164 antiquorum
719 2083 751 2142 et
774 2083 919 2162 exparte
940 2078 1189 2143 reconditiorum

60 2183 184 2252 lectione
205 2189 362 2252 imbutum
383 2189 499 2273 fuisse,
528 2211 662 2274 quorum
684 2189 921 2253 multitudinem
950 2189 984 2254 in
1007 2189 1072 2254 Oro
1094 2189 1188 2253 mira-

59 2297 143 2359 mur?
183 2298 272 2373 Quod
295 2319 367 2362 cum
394 2299 473 2363 satis
501 2300 685 2384 repudietur
706 2299 868 2364 historicis
897 2299 975 2364 artis
997 2298 1187 2382 rationibus,
1208 2317 1238 2365 11

60 2407 119 2468 turn
150 2407 320 2492 insigniter
356 2409 493 2492 quadrat
528 2409 563 2474 iu
595 2410 801 2474 vetustiorem
836 2409 1025 2494 magistrum
1061 2409 1189 2474 scholae

59 2513 302 2600 Alexandrinae,
338 2519 388 2582 cui
421 2519 549 2584 scholae
582 2541 648 2584 uon
675 2519 867 2604 ambigimus
898 2518 996 2584 Ornm
1030 2518 1189 2584 Milesium

58 2622 265 2692 adnumerare.

134 2735 227 2802 Cuius
249 2741 339 2802 aetas
361 2739 388 2802 si
410 2760 544 2822 quaeras
567 2761 628 2824 quo
645 2740 738 2804 modo
761 2739 940 2804 accuratius
963 2740 1105 2823 finiatur,
1129 2739 1189 2804 etsi

59 2843 131 2908 nihil
153 2849 318 2930 proficitur
340 2871 378 2912 es
401 2849 612 2933 posteriorum
634 2847 831 2914 sacculorum
849 2849 1000 2914 testibus:
1024 2850 1082 2915 Ori
1103 2849 1189 2913 enim

60 2953 108 3036 qui
129 2958 322 3022 mentionem
344 2959 490 3023 iniecerit
506 2959 717 3044 antiquiorem
734 2959 898 3042 Stephano
913 2958 1071 3044 Byzantio
1093 2959 1188 3022 habe-

60 3083 121 3128 mus
144 3067 317 3132 neminem:
340 3072 450 3133 tamen
471 3070 578 3153 nesio
601 3070 728 3154 quidem
751 3069 825 3153 quid
847 3069 1094 3153 respondeamus
1114 3069 1188 3132 hae-

58 3191 164 3238 remus.
207 3176 354 3262 Namque
378 3201 449 3244 cum
476 3179 579 3244 omnis
603 3179 656 3244 ille
679 3179 783 3262 Iocus,
813 3180 866 3263 qui
887 3183 1012 3262 spectat
1040 3179 1080 3244 ad
1103 3183 1189 3243 aeta-

59 3285 116 3346 tem
148 3287 360 3353 definiendam
388 3289 671 3374 grammaticorum
699 3311 904 3374 graecorum,
937 3293 1067 3374 propter
1100 3289 1188 3354 testi-

59 3393 226 3460 moniorum
248 3398 416 3482 penuriam
440 3421 505 3464 non
532 3399 744 3464 mediocribus
772 3399 895 3463 laboret
922 3398 1188 3464 dubitationibus:

57 3507 166 3568 certam
193 3509 303 3572 tamen
332 3509 441 3573 videor
469 3509 671 3574 coniectandi
698 3511 783 3574 viam
811 3509 971 3592 quandam
998 3509 1187 3593 repperisse,

56 3633 145 3692 quam
165 3617 265 3681 multo
287 3640 345 3682 usu
368 3623 516 3704 expertus
538 3621 606 3684 fere
628 3620 717 3704 sequi
739 3620 835 3684 soleo.
875 3619 999 3704 Quippe
1022 3623 1078 3684 aut
1099 3639 1188 3684 num·

55 3743 145 3802 quam
170 3731 225 3791 aut
252 3750 384 3811 perraro
411 3729 511 3794 fallax
543 3730 652 3794 iuveni
686 3729 765 3794 illud
797 3721 1045 3814 argumentandi
1074 3751 1187 3814 genus,

55 4023 104 4074 ego
127 4011 209 4080 ipsius
231 4015 433 4086 coniecturam,
457 4035 513 4087 qua
533 4017 562 4074 in
580 4017 680 4074 Suidae
704 4019 796 4074 verbis
819 4021 1063 4086 Ἀλεξανδρεύς
1086 4035 1187 4072 nomeu

55 4099 211 4170 simpliciter
237 4111 346 4164 mutare
372 4109 401 4164 in
423 4113 588 4179 Μιλήειοε
618 4111 757 4178 iubemur,
784 4129 801 4165 a
823 4111 1022 4180 probabilitate
1050 4111 1187 4164 contendo

53 4195 138 4250 multo
154 4197 260 4270 longios
283 4203 442 4258 abhorrere.
479 4205 542 4258 Non
565 4205 621 4260 ullo
644 4205 726 4259 modo
749 4203 941 4274 improbabilis
964 4205 1060 4258 nostra
1083 4203 1188 4258 coniec-

52 4286 113 4340 tura
130 4289 268 4350 Lehrsio
286 4295 346 4350 visa
364 4299 408 4351 est
425 4297 564 4353 Censurae
582 4316 608 4368 p.
622 4304 680 4352 449.
708 4297 767 4352 Nec
785 4297 854 4352 alius
873 4297 982 4351 videtur
999 4297 1049 4351 Ed.
1068 4296 1188 4352 Msicri

54 4395 146 4435 seusus
164 4386 243 4442 missa
262 4387 362 4458 Opusc.
382 4390 461 4446 acad.
480 4391 506 4445 II
523 4409 550 4460 p.
571 4393 623 4460 50.]

102 4485 148 4523 aa.
166 4487 328 4528 rrrscsrarr
347 4493 493 4530 ornacum
512 4495 531 4530 r.
942 4477 985 4542 38
