2942 5134
478 355 600 404 osnuu
623 355 785 406 coaonar.
1140 339 1203 406 403

66 529 130 572 esse
159 507 318 591 dicamus,
353 507 435 592 quod
462 510 546 590 γήρᾳ
577 509 738 588 εημαίνων
771 508 825 572 ille
858 531 929 574 cum
959 509 1102 594 Reisigio
1134 513 1203 588 tum

65 617 250 682 Hermanno
277 621 346 682 tum
374 617 488 682 ceteris
516 621 552 682 ut
579 617 705 684 videtur
737 618 884 684 omnibus
918 622 968 684 est
999 625 1114 684 ‘senex
1146 620 1203 684 im-

65 727 232 809 perator'?
265 725 381 792 Verum
404 719 458 791 vii
480 727 661 791 dubitamus
683 728 761 812 quin
782 749 907 813 gnavus
929 751 946 792 e
968 729 1062 794 sociis
1085 729 1203 793 nostris

65 836 253 902 academicis
281 837 466 902 adulescens
494 837 610 901 viderit
631 837 783 902 Alfredus
806 837 980 904 Schoenius
1001 838 1201 922 Dresdensis,

65 947 199 1030 temperi
220 947 275 1010 ille
296 945 460 1011 Homerici
482 968 591 1012 versus
614 947 798 1012 recordatus
819 947 858 1012 Il.
882 947 992 1032 XVII,
1026 950 1086 1014 19⁷
1108 951 1203 1030 πατρὶ

65 1059 148 1142 φίλῳ
172 1057 306 1138 ἔπορον,
328 1058 348 1122 ὁ
370 1059 403 1123 δ’
426 1058 490 1139 ἄρα
511 1060 538 1142 ᾧ
562 1059 649 1123 παιδὶ
671 1057 809 1124 bractea
831 1059 966 1140 γηράεε
992 1059 1042 1124 cui
1057 1059 1202 1143 exemplo

65 1165 200 1230 finitima
221 1165 480 1252 Etymologioum
502 1189 656 1252 magnum
677 1189 710 1252 p.
733 1168 807 1252 230,
830 1169 872 1234 50
893 1167 998 1232 iunxit
1018 1169 1202 1250 motaretur

64 1279 184 1342 τοκεῦα
210 1274 342 1342 Hesiodi
370 1278 431 1362 Op.
462 1277 540 1360 188,
573 1277 708 1343 aliorum
741 1281 848 1343 autem
880 1281 917 1342 ut
942 1278 1039 1342 facile
1067 1281 1203 1363 apparet

65 1389 227 1468 poetarum
248 1389 416 1468 γηράντων
438 1387 569 1468 ἀνδρῶν
591 1391 624 1451 et
644 1389 805 1468 γηράντα(
826 1391 926 1468 τιμᾶν.
970 1388 1203 1472 Disceptarunt

65 1516 131 1560 eam
153 1495 290 1562 formam
310 1496 495 1562 Dindorlius
517 1496 552 1560 in
574 1495 732 1582 Stephani
753 1496 916 1562 Thesauro
937 1496 970 1562 Π
999 1521 1031 1581 p.
1055 1497 1118 1562 609
1140 1520 1200 1584 sq„

65 1605 238 1672 hobeclrius
266 1606 305 1670 ad
328 1605 520 1671 Buttrnanni
547 1628 683 1692 gramm.
707 1605 740 1671 Π
767 1630 798 1692 p.
825 1607 874 1672 13.
905 1607 965 1673 138
993 1609 1026 1672 et
1052 1605 1201 1672 Patholo·

64 1715 134 1798 giae
149 1717 241 1781 elem.
260 1716 287 1799 Ι,
302 1739 335 1800 p.
351 1717 413 1782 383
429 1739 488 1801 sq„
512 1715 708 1801 eandemque
723 1715 868 1780 Alexidis
883 1716 987 1781 versui
1002 1717 1201 1782 restituendo

64 1827 86 1886 t.
100 1825 151 1888 ΠΙ
171 1847 204 1908 p.
219 1825 282 1892 512
304 1825 402 1890 Mein.
425 1826 635 1910 probabiliter
656 1826 828 1890 Elmsleius
850 1825 996 1890 adhibuit
1018 1827 1037 1891 ὁ
1059 1829 1117 1908 μὲν
1139 1828 1201 1908 γὰρ

64 1934 227 2015 ἀπογηρὰς
255 1937 354 2016 ἀηδὴς
379 1935 538 2016 γίγνεται,
570 1937 625 2001 ubi
658 1935 893 2016 ἀπογηράεκων
926 1935 999 2000 libri
1027 1935 1199 2000 Athenaei.

65 2042 123 2108 Sed
151 2043 302 2128 Sophocli
328 2049 438 2111 tamen
466 2045 528 2110 hac
555 2045 622 2110 leni
648 2067 726 2110 sane
752 2046 930 2110 mutatione
959 2045 1102 2111 nondum
1123 2047 1201 2111 satis

63 2153 182 2218 factum
203 2175 272 2220 esse
293 2155 525 2241 intellegimus:
553 2157 654 2236 γηράς
680 2155 784 2239 enim,
815 2155 967 2240 quoniam
988 2179 1054 2220 nou
1076 2159 1126 2220 est
1147 2157 1201 2221 ad·

64 2262 210 2328 iectivum
231 2265 287 2329 sed
308 2265 513 2350 participium
535 2265 718 2350 praeteriti,
748 2287 813 2330 non
835 2269 942 2349 potest
970 2273 1103 2330 ‘senex’
1133 2287 1200 2328 esse

64 2372 257 2457 simpliciter,
280 2375 336 2440 sed
359 2385 473 2440 *senex
495 2375 623 2440 factus'·
641 2375 762 2458 potius,
792 2396 854 2458 quo
875 2375 914 2439 fit
934 2377 971 2438 ut
992 2377 1025 2438 ct
1045 2373 1201 2448 molestis-

65 2481 140 2546 sima
173 2483 307 2566 prodeat
339 2487 373 2548 ct
398 2482 618 2550 inficetissime
644 2486 744 2565 γηρὰ(
772 2485 931 2566 πημαίνων
959 2482 1201 2567 participiorum

65 2593 262 2658 consociatio.
303 2593 423 2660 Verum
445 2596 531 2659 enim
552 2616 627 2658 vero
648 2617 690 2658 ne
712 2594 782 2658 sino
803 2594 903 2675 mode
925 2593 1052 2680 quidem
1074 2594 1201 2678 placere

65 2699 121 2766 hoo
148 2702 252 2786 ipsum
279 2703 440 2784 (ημαίνων
468 2704 674 2788 participium
702 2707 818 2788 potest.
862 2704 928 2768 ldac
955 2703 1040 2768 enim
1068 2704 1201 2785 mouit(

64 2810 213 2896 scriptum
235 2834 303 2878 esse
324 2813 376 2878 vel
398 2813 496 2878 etiam
516 2817 636 2895 γέρων,
666 2815 754 2879 itane
782 2813 914 2879 offensio
936 2813 1083 2878 tollitur?
1125 2813 1200 2878 Non

64 2919 166 2986 hercle
187 2921 252 2987 ullo
273 2925 383 2988 modo:
411 2923 494 3009 quod
516 2925 603 2990 enim
624 2924 795 3009 requiritur
817 2923 878 2989 hoc
900 2926 964 3006 est,
988 2945 1054 2988 non
1075 2927 1112 2987 ut
1134 2923 1200 2988 sive

65 3030 182 3095 iuvenis
196 3031 264 3096 sive
278 3053 375 3098 senex
397 3033 522 3098 dicatur
544 3033 598 3118 qui
619 3035 765 3118 imperet,
790 3032 844 3099 sed
866 3037 904 3098 ut
925 3034 1110 3117 imperator,
1133 3033 1199 3098 sive

65 3139 90 3202 is
120 3141 242 3206 iuvenis
273 3145 322 3207 est
352 3146 390 3208 ut
422 3143 484 3208 fuit
516 3130 655 3227 Xeries,
688 3144 755 3208 sive
788 3165 885 3208 senex
912 3147 949 3208 ut
975 3143 1198 3208 Archidamus.

65 3245 146 3314 Nam
166 3255 198 3316 et
219 3273 347 3316 sensum
374 3257 488 3338 poetae
516 3258 549 3318 et
577 3254 642 3318 vim
662 3255 763 3334 mode
785 3253 949 3337 participii
965 3252 1081 3316 licebit
1102 3251 1200 3316 etiam

66 3359 247 3443 explicatius
269 3361 316 3440 sic
337 3364 559 3448 interpretari:
588 3363 689 3448 ‘quod
712 3364 775 3428 dux
797 3385 891 3428 nemo
913 3361 1054 3445 hostilis,
1084 3361 1149 3425 sive
1171 3362 1199 3426 is

66 3472 100 3532 ut
123 3469 241 3536 Xerxes
268 3473 443 3538 iuventutis
470 3474 582 3539 robore
611 3473 814 3557 superbiens,
846 3474 913 3538 sive
944 3473 1040 3536 exuta
1068 3471 1199 3535 iuvenili

67 3577 180 3645 ferocia
206 3583 369 3666 propriam
398 3584 571 3648 senectutis
599 3583 794 3669 gravitatem
816 3583 1102 3667 auctoritatemque
1126 3601 1199 3646 oon-

66 3692 185 3755 secutus
205 3695 241 3756 ut
262 3691 490 3776 Archidamus,
520 3714 670 3779 umquam
693 3692 900 3776 exstinguet!
950 3691 988 3756 ld
1017 3691 1118 3776 igitur
1144 3712 1199 3777 ap-

66 3802 168 3882 paret,
198 3799 224 3864 si
257 3805 358 3868 semet
391 3801 491 3886 digna
522 3803 666 3867 oratioue
698 3801 746 3866 uti
772 3805 868 3884 poeta
895 3802 1008 3886 vellet,
1041 3823 1108 3866 non
1135 3799 1199 3864 dici

66 3906 142 3970 sads
161 3908 312 3994 languido
339 3911 501 3991 πημαίνων
529 3911 715 3996 participio,
747 3911 802 3976 sed
830 3931 964 3975 nervoso
993 3911 1199 3992 cnpdvrmp

66 4015 259 4084 substantivo
291 4019 484 4104 oportuisse,
524 4021 611 4086 cuius
648 4020 727 4084 illud
759 4043 845 4086 nunc
877 4021 1199 4104 interpretamentum

66 4123 204 4210 babetur,
226 4133 415 4214 praestoque
436 4131 534 4196 fuisse
556 4133 670 4214 poetae
692 4133 861 4217 φιλομήρῳ
883 4151 992 4195 versus
1014 4128 1198 4194 notiseimos

67 4231 170 4299 Iliadis
189 4236 246 4322 IV,
268 4239 332 4304 429
353 4241 463 4306 κέλευε
484 4243 520 4306 δὲ
543 4241 623 4306 olco
646 4241 775 4306 ἕκοετοε
794 4241 975 4320 ἡγεμόνων,
998 4239 1029 4305 οἱ
1050 4241 1084 4306 δ’
1105 4239 1200 4306 ἄλλοι

67 4341 143 4426 ἀκὴν
161 4345 227 4415 'icoo
249 4400 256 4414 .
280 4399 286 4414 .
309 4400 317 4415 .
339 4355 407 4436 (ιγῇ
430 4351 580 4416 δειδιότες
604 4351 806 4431 εημάντοροε
829 4351 878 4414 vel
908 4351 935 4413 si
958 4371 1038 4434 quae
1061 4353 1137 4414 sunt
1159 4351 1198 4414 si-

930 4453 995 4514 26*
