2982 5146
286 341 344 401 142
585 355 835 400 conounaarrn
858 355 1126 402 orsevrarronrs

367 507 541 570 Attulimus
564 529 601 568 ea
624 512 830 590 argumenta,
854 508 967 590 quihus
991 530 1052 570 non
1075 507 1275 570 mediocriter
1290 508 1424 592 infringi

282 618 373 680 istius
396 620 594 697 troodu'rccurc
617 617 711 680 tidem
733 640 815 681 unus
838 618 969 701 quisque
992 619 1119 681 sentiet.
1165 617 1283 692 Quodsi
1306 619 1424 701 aliquid

282 729 379 790 etiam
395 728 428 791 in
445 729 504 791 hoc
520 750 637 812 genere
654 751 745 810 posse
758 728 976 791 Alexandrum
993 751 1064 792 emn
1076 728 1285 810 Lycophrona
1301 729 1424 811 pericli-

281 843 384 901 tatum
407 861 475 901 esse
499 839 645 901 nolumus
661 818 852 901 obstinatius
876 860 1053 922 pernegare
1069 839 1102 901 in
1124 838 1225 901 tantis
1247 839 1423 901 studiorum

282 949 407 1011 illorum
429 949 586 1012 tenebris:
611 949 713 1010 eidem
741 953 851 1012 tamen
879 949 1094 1032 intellegimus
1122 949 1235 1011 mirum
1270 957 1423 1031 quantum

281 1059 372 1123 huius
396 1060 566 1122 memoriae
589 1062 621 1122 et
648 1059 838 1122 tenuitatem
868 1064 900 1121 et
923 1059 1150 1122 obscuritatem
1178 1058 1310 1122 alterius
1340 1061 1423 1121 testi-

281 1171 378 1233 monii
404 1170 627 1233 commoditate
651 1173 746 1251 atque
769 1168 929 1232 evidentia
952 1169 1105 1251 superari.
1143 1168 1232 1231 Nihil
1256 1175 1305 1231 est
1329 1171 1422 1234 eninr.

281 1280 362 1363 quml
392 1281 425 1343 in
453 1281 537 1342 illius
566 1280 681 1342 aetatis
710 1280 955 1363 gratnmaticrun
984 1279 1087 1364 magis
1118 1278 1227 1360 cadat,
1263 1301 1363 1362 (liram
1389 1304 1422 1342 ea

282 1391 350 1472 ipsa
379 1391 559 1474 provincia,
589 1413 684 1473 qnam
712 1412 783 1452 cum
814 1389 975 1452 Zenodotc
1004 1389 1222 1452 Alexandrum
1245 1389 1421 1473 Lycophm

282 1523 415 1584 nemque
438 1501 623 1563 sustinuisse
649 1494 813 1562 Plautinus
836 1501 1008 1563 scholiasta
1030 1499 1179 1582 prodidit.
1217 1499 1369 1575 Etenim,
1392 1511 1420 1562 ut

281 1612 320 1673 ad
336 1612 457 1694 reliqua
479 1611 586 1674 officia
607 1610 810 1694 grannnatiei
826 1610 956 1672 transiri
972 1613 1094 1691 posset,
1112 1610 1172 1672 hoc
1188 1608 1293 1672 estad
1309 1610 1421 1672 iustam

281 1722 520 1803 legitimamque
547 1722 730 1800 διόρθωειν,
766 1722 925 1800 ἐξήγηειν,
954 1720 1051 1798 spicia
1081 1722 1113 1782 et
1139 1721 1255 1798 τέχνην
1284 1741 1421 1799 γραμμα-

280 1835 382 1910 τικήν,
406 1835 533 1914 praeter
549 1836 654 1894 cetera
671 1831 844 1893 curandum
860 1830 939 1892 illud
955 1832 1039 1911 erat,
1064 1833 1115 1909 ut,
1139 1851 1218 1913 quas
1236 1850 1421 1913 graecarum

282 1942 460 2004 litterarum
489 1941 612 2024 copias,
641 1942 756 2024 ubique
785 1946 942 2004 terrarum
970 1944 1066 2002 antea
1095 1939 1266 2022 dissipatas
1290 1940 1421 2002 nec-dnn.

281 2027 322 2113 a'c
350 2075 412 2114 iuro
438 2052 564 2114 homine
594 2054 686 2134 plene
709 2073 858 2134 umquam
886 2050 1033 2133 cognitas
1056 2050 1106 2112 vel
1134 2049 1227 2112 simul
1253 2054 1421 2114 tractatas.

282 2162 335 2223 illo
357 2166 498 2244 tempore
522 2163 658 2244 primurn
681 2161 769 2245 rogia
793 2161 1012 2223 munificentia
1035 2181 1132 2222 unum
1155 2160 1189 2222 in
1218 2159 1322 2222 locum
1354 2183 1421 2222 eon-

280 2278 438 2352 gesserat,
475 2294 530 2335 eae
563 2280 598 2335 ut
631 2294 754 2334 rursum
794 2293 831 2333 ex
866 2271 944 2332 artis
978 2270 1154 2332 rationibus
1189 2269 1420 2353 digererentur.

281 2383 467 2466 diligentius
491 2405 571 2466 (puae
594 2382 764 2465 (prolesque
788 2386 820 2443 et
842 2385 981 2464 (plantae
1004 2380 1134 2442 tandem
1151 2383 1257 2442 essent
1281 2380 1419 2462 explora-

281 2499 407 2574 rentur,
432 2493 602 2574 generibus
624 2491 811 2575 ‹prilmsdam
835 2497 867 2552 et
890 2490 1043 2553 elassibus
1070 2493 1139 2552 tum
1166 2489 1418 2572 dispeseerentur

280 2609 347 2665 tum
371 2603 646 2683 consociarentur,
672 2603 883 2684 perlustratus
907 2601 1059 2683 deniqne,
1084 2599 1294 2681 diiudicatae,
1322 2601 1418 2664 deter-

230 2712 421 2774 caminatae
450 2713 568 2774 chartis
598 2712 873 2795 consignarentur.
919 2711 967 2773 De
995 2733 1055 2793 quo
1084 2732 1149 2772 non
1178 2709 1302 2793 reperio
1330 2732 1419 2793 qnmu

281 2823 518 2906 intellegentias
542 2823 718 2905 disputasse
742 2844 836 2905 quann
860 2820 1062 2903 Rudolphurn
1086 2819 1297 2884 Schmidtiurn
1319 2821 1418 2882 dicam

280 2933 517 2996 schediasmate
546 2932 584 2994 de
609 2931 897 2994 Alexandrinorum
925 2931 1137 3014 grammatica
1167 2929 1259 2992 Halis
1287 2951 1316 2992 a.
1345 2930 1418 2993 lah

280 3042 364 3104 edito
381 3066 411 3125 p.
433 3045 479 3106 ll.
513 3043 562 3106 lta
577 3043 633 3105 illa
650 3047 727 3105 nata
750 3047 798 3103 est
821 3041 994 3103 historia
1016 3041 1263 3113 litterarum,
1289 3040 1344 3102 fax
1368 3040 1417 3101 illa

280 3154 510 3232 grammaticae
539 3158 571 3215 et
599 3153 778 3215 necessaria
807 3151 961 3232 adiutrix,
996 3173 1076 3234 quae
1105 3151 1147 3213 ah
1175 3150 1316 3213 externis
1345 3172 1418 3211 sane

280 3267 312 3324 et
334 3263 529 3325 secundariis
553 3263 730 3324 rationibus
754 3262 913 3345 profecta,
944 3261 1110 3343 paullatim
1133 3260 1188 3322 sed
1211 3281 1281 3322 sero
1304 3261 1338 3322 in
1362 3260 1406 3322 dis

280 3373 418 3456 ciplinae
453 3376 587 3436 formam
618 3378 728 3435 evecta
757 3378 815 3435 est.
862 3372 938 3434 Eius
968 3371 1178 3433 fundamenta
1204 3370 1290 3432 iacta
1313 3392 1381 3432 esse
1401 3392 1416 3429 a

279 3483 475 3548 t'allinraeho
505 3485 629 3564 volunt,
659 3482 697 3546 de
727 3483 813 3545 cuius
845 3487 967 3545 Talnde‘s
1000 3479 1213 3543 celeberrimis
1247 3480 1280 3543 in
1309 3481 1416 3563 vulga

280 3599 415 3657 constat.
448 3594 607 3657 Successit
623 3592 852 3655 Eratosthenes
877 3591 970 3654 editis
986 3593 1058 3670 περὶ
1074 3592 1241 3674 κωμῳδία(
1264 3611 1417 3652 conmren·

279 3703 379 3765 tariis.
411 3705 468 3765 (lui
492 3703 598 3766 nescio
622 3725 663 3765 an
687 3725 752 3765 non
775 3702 891 3764 iniuria
908 3701 1114 3783 Apollonium
1129 3700 1289 3762 Rhodium
1310 3700 1415 3784 irurga-

278 3836 364 3875 mus:
392 3835 467 3875 nam
495 3814 579 3876 hune
603 3813 708 3895 aliquo
731 3813 812 3875 libro
835 3819 872 3874 dc
893 3823 1054 3890 poetarum
1075 3833 1259 3888 praecorum
1281 3817 1415 3873 memoria

278 3935 518 4002 caelestia-araque
539 3931 706 3986 earrrn'nmn
730 3930 831 3986 trarlole
853 3933 882 3984 el
903 3927 1080 3984 earrdr'etone
1106 3920 1235 3984 uberius
1265 3942 1414 3984 conanen-

278 4039 380 4097 tatnm
411 4056 493 4116 esse,
525 4035 608 4097 hand
637 4034 780 4116 prolecto
809 4034 917 4114 inepte
945 4031 1144 4094 llluetzellius
1173 4030 1350 4113 disputavit
1381 4029 1416 4090 de

278 4144 401 4207 enrend.
426 4145 590 4228 Theogon.
616 4144 745 4206 Hosiod.
770 4166 800 4226 p.
825 4143 898 4205 288.
945 4142 1060 4204 iterius
1083 4145 1189 4203 autem
1212 4141 1298 4204 hanc
1322 4145 1415 4203 artem

279 4255 436 4317 excultam
460 4260 507 4329 et,
532 4261 686 4338 (pareantum
710 4254 836 4336 (pridem
860 4252 906 4314 illi
930 4253 1027 4314 aetati
1051 4273 1253 4332 mnrcessum,
1278 4273 1415 4314 consum-

278 4369 395 4426 matam
437 4365 606 4446 perhihent
644 4363 875 4425 immortalilms
915 4361 1138 4443 Aristophanis
1177 4361 1415 4443 Aristarchique
