2952 5132
369 349 527 400 nronrsn
553 349 905 400 nnnrcennnssnusrs.
1145 334 1207 399 477

75 503 195 586 mirere,
218 501 445 587 propemodum
466 503 657 567 incredibili.
703 501 788 567 Nam
811 507 982 568 Historia
1005 507 1143 584 Dionysii
1163 501 1210 566 ait

75 621 197 678 babetur
224 620 255 677 m
291 618 458 678 Vatr'eamoe
486 618 684 678 bibliothecae
712 635 779 678 mss.
809 618 899 680 codd.
931 624 997 676 115.
1027 623 1092 676 008.
1124 623 1207 676 1000.

78 735 157 788 1416.
182 734 232 787 04.
257 733 321 786 102.
348 733 430 786 1327.
455 733 500 786 61.
529 729 668 788 Vrbinot.
694 734 743 786 47.
767 733 812 787 89.
835 729 936 788 Potor.
967 733 1016 788 66.
1048 733 1115 786 277.
1144 733 1207 785 132.

77 843 208 896 51134.
252 832 391 896 Tantam
414 832 653 897 multitudinem
674 833 745 917 quis
767 855 834 897 non
855 831 1052 896 demiretur?
1089 831 1209 897 Verum

77 943 154 1007 enirn
170 963 244 1006 vero
266 943 364 1027 longe
379 941 443 1006 alia
458 965 516 1006 nos
538 941 674 1008 schedae
695 965 771 1008 mss.
794 943 922 1025 docent,
945 942 1058 1026 quihus
1078 939 1208 1006 Vatica-

77 1074 181 1116 norum
204 1052 351 1136 Dionysii
375 1051 519 1116 codicum
540 1053 698 1136 omnium,
727 1051 781 1136 qui
803 1052 929 1137 qiiidem
951 1051 1045 1116 hodie
1069 1053 1207 1134 exstant,

78 1163 344 1227 accuratissimum
372 1161 511 1226 indicem
538 1161 785 1254 Kellermannns
818 1161 1014 1246 perscripsit.
1064 1160 1114 1224 Ex
1148 1181 1209 1244 quo

79 1273 277 1358 cognovimus
305 1271 466 1336 Vaticano
502 1273 562 1337 145
596 1271 753 1336 contineri
781 1270 999 1355 Xiphilinum,
1028 1269 1104 1334 Vat.
1134 1271 1207 1334 938.

79 1383 162 1447 1000.
188 1383 270 1446 1416
292 1383 472 1466 (practerea
495 1381 591 1446 etiam
616 1382 711 1468 1302)
741 1385 773 1446 01
794 1381 873 1446 Vrb.
898 1381 939 1446 89
967 1379 1115 1463 Dionysii
1137 1381 1209 1460 περὶ

79 1493 271 1560 counitum
293 1492 473 1572 ἰδιωμάτων
495 1491 623 1576 librum,
640 1491 716 1557 Vat.
733 1492 785 1556 64.
805 1491 896 1573 1327,
913 1489 993 1555 Vrb.
1006 1491 1058 1571 47,
1083 1489 1151 1553 Pal.
1168 1489 1209 1554 60

78 1601 183 1666 librum
214 1603 289 1683 περὶ
321 1603 496 1668 ευνθέεεωε
531 1603 720 1684 ὀνομάτων,
757 1601 957 1684 eiusdemque
986 1599 1148 1683 epitomen
1174 1598 1209 1662 in

79 1709 144 1775 Vct.
169 1713 245 1794 102,
276 1711 344 1776 Pal.
372 1713 432 1776 132
454 1711 546 1797 (1100
567 1712 660 1797 254),
684 1711 799 1776 deiude
822 1709 897 1776 Vat.
921 1711 960 1774 01
984 1711 1056 1790 περὶ
1079 1710 1208 1790 ῥυθμῶν

81 1821 351 1904 commentarium,
381 1821 449 1886 Pal.
480 1822 541 1887 271
570 1827 740 1888 methodum
767 1826 1012 1902 πανηγυρικῶν,
1047 1819 1116 1883 Pal.
1149 1819 1209 1884 134

80 1937 160 1995 uitam
187 1937 314 2014 Lysiae,
352 1931 487 2015 denique
514 1930 583 1994 Pal.
613 1931 655 1996 58
683 1935 727 1995 ad
755 1935 939 1996 Tuberonem
973 1941 1002 1995 ct
1034 1935 1208 2009 Pompeium

80 2047 212 2120 epistutos
235 2063 307 2106 cum
331 2042 412 2106 libro
434 2047 472 2106 de
498 2048 630 2121 antiquis
652 2047 834 2106 oratoribus.
880 2039 1000 2106 Contra
1023 2038 1208 2123 Antiquita-

80 2153 139 2213 tum
164 2151 384 2216 Romanarum
412 2150 535 2216 calices
563 2155 690 2235 praeter
718 2150 912 2214 Vaticanum
945 2151 1039 2232 1300,
1076 2149 1115 2212 de
1148 2169 1209 2232 quo

81 2281 164 2344 snpra
190 2261 345 2344 diximus,
378 2261 413 2326 in
441 2262 512 2344 ipsa
539 2263 664 2326 vetusta
692 2260 853 2326 Vaticana
880 2260 921 2324 ah
949 2258 1059 2322 eodem
1088 2257 1209 2322 Keller-

81 2391 187 2435 manno
218 2371 430 2456 perhibentur
460 2371 522 2434 duo
555 2370 692 2454 servari,
726 2393 760 2434 n.
791 2371 851 2435 133
880 2373 912 2434 et
942 2369 1002 2434 134
1036 2367 1207 2450 chartacei,

82 2478 190 2545 formae
211 2481 350 2563 mediae,
373 2481 493 2545 saeculi
507 2479 580 2544 XV.
611 2479 751 2555 Quorum
772 2479 991 2563 posteriorem,
1015 2477 1068 2561 qui
1090 2499 1109 2540 a
1132 2477 1260 2541 foliola

84 2588 136 2653 124
159 2595 271 2656 teneat
293 2591 444 2658 Ἰωάννου
466 2595 525 2656 τοῦ
554 2591 726 2671 Εὐῐενιχοῦ
756 2589 886 2671 ἰάμβου(
909 2589 953 2654 εἰ(
976 2588 1127 2668 Ἰωάννην
1150 2587 1208 2654 τὸν

82 2699 313 2779 Παλαιολόγον,
352 2700 503 2784 deinceps
536 2705 643 2764 autem
680 2699 823 2784 Appiani
862 2698 976 2780 libros,
1016 2697 1210 2780 descriptum

82 2807 170 2873 rideri
198 2833 236 2874 ex
266 2809 428 2875 Vaticano
458 2811 541 2875 1300
568 2831 629 2876 000
658 2809 729 2893 plus
758 2831 853 2892 quam
882 2807 1016 2872 eandem
1038 2806 1210 2890 pentarlem

85 2920 256 3003 complecti3
286 2921 422 2984 alterum
450 2923 558 2984 antem
587 2920 622 2985 in
649 2919 736 2984 foliis
768 2919 831 2984 394
858 2916 1004 3001 Dionysii
1037 2916 1136 2981 libros
1163 2914 1209 2978 XI

84 3047 180 3094 omnes
207 3035 318 3095 tenere
346 3029 439 3094 valde
467 3029 590 3095 recenti
618 3051 716 3094 manu
743 3028 895 3113 scriptos,
924 3029 965 3092 ab
988 3026 1080 3092 initio
1103 3029 1210 3096 autem

84 3139 202 3203 eandem
242 3161 315 3204 cum
348 3139 500 3205 Ohisiano
536 3139 635 3223 ipsius
669 3139 832 3222 scriptoris
865 3138 1050 3223 imaginem.
1104 3137 1209 3220 Atque

85 3245 157 3312 hune
183 3248 311 3334 quidem
339 3249 480 3315 codicem
507 3249 559 3314 vix
587 3249 666 3313 mihi
694 3252 836 3332 tempero
864 3249 940 3332 quin
964 3269 1035 3312 cum
1057 3247 1098 3311 ab
1124 3245 1209 3329 Lapa

84 3359 142 3420 turn
171 3361 211 3423 ab
243 3359 399 3424 Hudsono
431 3363 618 3443 usurpatum
650 3359 729 3424 mihi
762 3357 980 3443 persuadeam.
1030 3355 1115 3420 Nam
1149 3354 1209 3419 etsi

85 3469 194 3532 numeri
216 3469 378 3553 differrmt‚
401 3475 511 3534 tamen
533 3491 593 3534 nec
616 3469 722 3552 quarti
738 3469 832 3534 ullius
847 3467 1010 3550 Vaticani,
1034 3466 1087 3550 qui
1110 3465 1211 3548 possit

86 3570 302 3644 Hudsonianus
325 3600 404 3662 csse,
428 3579 469 3642 ab
484 3579 713 3644 Kellermanno
734 3577 856 3642 mentio
877 3577 966 3640 facta
989 3579 1049 3658 est,
1073 3578 1105 3638 01
1127 3573 1209 3658 quod

86 3687 200 3765 gravius
228 3689 342 3771 etiam,
372 3687 583 3756 Hudsoniano
610 3709 742 3754 numero
768 3689 832 3754 400
859 3687 893 3752 in
916 3686 1076 3753 Vaticana
1098 3685 1210 3748 biblio-

86 3790 168 3860 theca
181 3797 274 3862 hodie
289 3799 436 3883 signatus
460 3797 558 3863 codex
580 3819 621 3862 ne
644 3798 785 3881 partinet
802 3797 928 3881 quidam
951 3795 991 3860 ad
1007 3794 1208 3879 Dionysium,

87 3903 133 3965 sed
154 3905 340 3992 Gregorium
363 3907 543 3992 Nyssenum
574 3908 718 3972 continet
748 3929 820 3971 cum
844 3907 1084 3990 Chrysostomo,
1112 3925 1209 3968 manu

88 4017 180 4079 autem
209 4017 346 4102 scriptus
374 4021 423 4082 001
455 4039 584 4102 prorsus
618 4017 730 4082 eadem
758 4039 820 4102 qua
854 4017 1000 4100 Dionysii
1032 4013 1210 4079 Vaticanus

90 4121 169 4188 1300.
210 4125 383 4212 Vtriusque
414 4127 566 4192 Vaticani
602 4149 674 4192 cum
710 4128 769 4192 133
801 4130 869 4190 tum
905 4127 963 4190 134
996 4125 1056 4188 0101
1090 4123 1211 4206 aliquot

89 4231 247 4316 scripturae
274 4237 338 4301 vidi
372 4238 413 4301 ab
444 4238 674 4302 Kellermarmo
702 4237 742 4300 ad
771 4237 826 4301 lib.
857 4235 920 4300 VII
952 4238 984 4298 et
1011 4233 1040 4298 X
1074 4232 1210 4317 carptim

89 4345 236 4430 enotatas,
259 4351 368 4411 tamen
390 4351 483 4411 tanta
506 4369 615 4412 aarum
637 4347 783 4431 paucitas
807 4349 866 4429 est,
890 4344 969 4408 nihil
993 4347 1029 4406 ut
1051 4343 1126 4407 inde
1149 4341 1210 4406 col·
