<?xml version="1.0" encoding="UTF-8"?>
<!DOCTYPE html PUBLIC "-//W3C//DTD XHTML 1.0 Transitional//EN"
    "http://www.w3.org/TR/xhtml1/DTD/xhtml1-transitional.dtd">
<html xmlns="http://www.w3.org/1999/xhtml" xml:lang="en" lang="en">
 <head>
  <title>
</title>
<meta http-equiv="Content-Type" content="text/html;charset=utf-8" />
  <meta name='ocr-system' content='tesseract 3.04.00' />
  <meta name='ocr-capabilities' content='ocr_page ocr_carea ocr_par ocr_line ocrx_word'/>
</head>
<body>
  <div class='ocr_page' id='page_1' title='image "./fridericiritsch04ritsgoog_0552.png"; bbox 0 0 2952 5132; ppageno 0'>
   <div class='ocr_carea' id='block_1_1' title="bbox 342 383 1180 449">
    <p class='ocr_par' dir='ltr' id='par_1_1' title="bbox 342 383 1180 449">
     <span class='ocr_line' id='line_1_1' title="bbox 342 383 1180 449; baseline 0.005 -5"><span class='ocrx_word' id='word_1_1' title='bbox 342 395 501 446; x_wconf 81' lang='lat' dir='ltr'><strong>nrorrrsu</strong></span> <span class='ocrx_word' id='word_1_2' title='bbox 522 395 874 447; x_wconf 75' lang='lat' dir='ltr'><strong>murcaaussssnsrs.</strong></span> <span class='ocrx_word' id='word_1_3' title='bbox 1117 383 1180 449; x_wconf 80' lang='lat'><strong>525</strong></span> 
     </span>
    </p>
   </div>
   <div class='ocr_carea' id='block_1_2' title="bbox 61 547 1251 1626">
    <p class='ocr_par' dir='ltr' id='par_1_2' title="bbox 61 547 1251 1626">
     <span class='ocr_line' id='line_1_2' title="bbox 64 547 1181 635; baseline 0.002 -23"><span class='ocrx_word' id='word_1_4' title='bbox 64 549 123 612; x_wconf 81' lang='lat' dir='ltr'><strong>vide</strong></span> <span class='ocrx_word' id='word_1_5' title='bbox 149 552 167 629; x_wconf 72' lang='grc' dir='ltr'>β</span> <span class='ocrx_word' id='word_1_6' title='bbox 189 551 206 612; x_wconf 83' lang='grc'><strong>7</strong></span> <span class='ocrx_word' id='word_1_7' title='bbox 211 599 217 612; x_wconf 91' lang='grc'><strong>.</strong></span> <span class='ocrx_word' id='word_1_8' title='bbox 267 548 327 613; x_wconf 90' lang='lat' dir='ltr'><strong>Vel</strong></span> <span class='ocrx_word' id='word_1_9' title='bbox 355 547 419 632; x_wconf 87' lang='lat' dir='ltr'><strong>lv,</strong></span> <span class='ocrx_word' id='word_1_10' title='bbox 448 549 506 632; x_wconf 83' lang='lat'><strong>85,</strong></span> <span class='ocrx_word' id='word_1_11' title='bbox 535 549 590 613; x_wconf 89' lang='lat' dir='ltr'><strong>ubi</strong></span> <span class='ocrx_word' id='word_1_12' title='bbox 612 548 691 613; x_wconf 85' lang='lat' dir='ltr'><strong>haee</strong></span> <span class='ocrx_word' id='word_1_13' title='bbox 714 552 841 614; x_wconf 87' lang='lat' dir='ltr'><strong>tantum</strong></span> <span class='ocrx_word' id='word_1_14' title='bbox 862 549 982 633; x_wconf 79' lang='lat' dir='ltr'><strong>scripta</strong></span> <span class='ocrx_word' id='word_1_15' title='bbox 1005 551 1181 635; x_wconf 68' lang='lat' dir='ltr'><strong>reppererit</strong></span> 
     </span>
     <span class='ocr_line' id='line_1_3' title="bbox 64 659 1180 741; baseline 0.005 -21"><span class='ocrx_word' id='word_1_16' title='bbox 64 661 186 741; x_wconf 82' lang='lat' dir='ltr'><strong>oportet:</strong></span> <span class='ocrx_word' id='word_1_17' title='bbox 220 663 319 724; x_wconf 86' lang='grc' dir='ltr'>ταῦτα</span> <span class='ocrx_word' id='word_1_18' title='bbox 347 661 386 724; x_wconf 87' lang='grc' dir='ltr'><strong>τά</strong></span> <span class='ocrx_word' id='word_1_19' title='bbox 407 661 572 739; x_wconf 83' lang='grc' dir='ltr'>γράμματα</span> <span class='ocrx_word' id='word_1_20' title='bbox 601 659 752 739; x_wconf 76' lang='grc' dir='ltr'>λαβόντε(</span> <span class='ocrx_word' id='word_1_21' title='bbox 776 659 807 724; x_wconf 89' lang='lat' dir='ltr'><strong>ol</strong></span> <span class='ocrx_word' id='word_1_22' title='bbox 829 661 1093 740; x_wconf 87' lang='grc' dir='ltr'>καταλειφθέντεε</span> <span class='ocrx_word' id='word_1_23' title='bbox 1115 661 1180 726; x_wconf 84' lang='grc' dir='ltr'><strong>ὑπὸ</strong></span> 
     </span>
     <span class='ocr_line' id='line_1_4' title="bbox 63 769 1181 851; baseline 0.003 -18"><span class='ocrx_word' id='word_1_24' title='bbox 63 773 112 833; x_wconf 82' lang='grc' dir='ltr'><strong>τοῦ</strong></span> <span class='ocrx_word' id='word_1_25' title='bbox 131 769 216 834; x_wconf 83' lang='grc' dir='ltr'>Ῐίτοτ</span> <span class='ocrx_word' id='word_1_26' title='bbox 230 770 396 849; x_wconf 73' lang='grc' dir='ltr'>Ἐρμήνιοε</span> <span class='ocrx_word' id='word_1_27' title='bbox 417 770 468 833; x_wconf 86' lang='grc' dir='ltr'><strong>καὶ</strong></span> <span class='ocrx_word' id='word_1_28' title='bbox 490 769 622 848; x_wconf 87' lang='grc' dir='ltr'>Μάρκοε</span> <span class='ocrx_word' id='word_1_29' title='bbox 636 770 782 848; x_wconf 72' lang='grc' dir='ltr'>Ὁράτιοι</span> <span class='ocrx_word' id='word_1_30' title='bbox 804 769 992 847; x_wconf 84' lang='grc' dir='ltr'>άνέγνωεαν</span> <span class='ocrx_word' id='word_1_31' title='bbox 1013 771 1050 836; x_wconf 84' lang='grc' dir='ltr'><strong>ἐν</strong></span> <span class='ocrx_word' id='word_1_32' title='bbox 1072 771 1181 851; x_wconf 84' lang='grc' dir='ltr'>ἐκκλη-</span> 
     </span>
     <span class='ocr_line' id='line_1_5' title="bbox 63 877 1181 962; baseline 0.004 -21"><span class='ocrx_word' id='word_1_33' title='bbox 63 881 118 962; x_wconf 80' lang='grc' dir='ltr'>είᾳ,</span> <span class='ocrx_word' id='word_1_34' title='bbox 142 899 217 962; x_wconf 86' lang='lat' dir='ltr'><strong>quae</strong></span> <span class='ocrx_word' id='word_1_35' title='bbox 244 879 290 942; x_wconf 87' lang='lat' dir='ltr'><strong>sie</strong></span> <span class='ocrx_word' id='word_1_36' title='bbox 317 877 469 942; x_wconf 85' lang='lat' dir='ltr'><strong>nimirum</strong></span> <span class='ocrx_word' id='word_1_37' title='bbox 496 878 718 944; x_wconf 82' lang='lat' dir='ltr'><strong>instaurantur</strong></span> <span class='ocrx_word' id='word_1_38' title='bbox 739 878 774 942; x_wconf 87' lang='lat' dir='ltr'><strong>iu</strong></span> <span class='ocrx_word' id='word_1_39' title='bbox 797 883 862 944; x_wconf 81' lang='lat' dir='ltr'><strong>CB:</strong></span> <span class='ocrx_word' id='word_1_40' title='bbox 900 879 964 946; x_wconf 86' lang='grc' dir='ltr'><strong>ὑπὸ</strong></span> <span class='ocrx_word' id='word_1_41' title='bbox 986 884 1046 946; x_wconf 87' lang='grc' dir='ltr'><strong>τοῦ</strong></span> <span class='ocrx_word' id='word_1_42' title='bbox 1067 883 1181 947; x_wconf 81' lang='grc' dir='ltr'>πολέ·</span> 
     </span>
     <span class='ocr_line' id='line_1_6' title="bbox 63 987 1179 1074; baseline 0 -22"><span class='ocrx_word' id='word_1_43' title='bbox 63 1009 122 1066; x_wconf 89' lang='grc' dir='ltr'><strong>μου</strong></span> <span class='ocrx_word' id='word_1_44' title='bbox 150 989 201 1053; x_wconf 75' lang='lat' dir='ltr'><strong>etc</strong></span> <span class='ocrx_word' id='word_1_45' title='bbox 232 991 276 1053; x_wconf 91' lang='grc' dir='ltr'><strong>τὸ</strong></span> <span class='ocrx_word' id='word_1_46' title='bbox 310 989 586 1069; x_wconf 85' lang='grc' dir='ltr'>ετρατόπεδον</span> <span class='ocrx_word' id='word_1_47' title='bbox 620 989 712 1054; x_wconf 86' lang='grc' dir='ltr'>Τίτοε</span> <span class='ocrx_word' id='word_1_48' title='bbox 745 991 808 1053; x_wconf 91' lang='grc' dir='ltr'>κτλ.</span> <span class='ocrx_word' id='word_1_49' title='bbox 852 987 935 1063; x_wconf 83' lang='lat' dir='ltr'><strong>Quid</strong></span> <span class='ocrx_word' id='word_1_50' title='bbox 957 991 1179 1074; x_wconf 74' lang='lat' dir='ltr'><strong>requireretur,</strong></span> 
     </span>
     <span class='ocr_line' id='line_1_7' title="bbox 64 1095 1180 1183; baseline 0.004 -24"><span class='ocrx_word' id='word_1_51' title='bbox 64 1095 223 1180; x_wconf 73' lang='lat' dir='ltr'><strong>Stephanus</strong></span> <span class='ocrx_word' id='word_1_52' title='bbox 254 1099 371 1180; x_wconf 86' lang='lat' dir='ltr'><strong>sensit,</strong></span> <span class='ocrx_word' id='word_1_53' title='bbox 404 1099 606 1178; x_wconf 70' lang='lat' dir='ltr'><strong>rupturos</strong></span> <span class='ocrx_word' id='word_1_54' title='bbox 640 1119 798 1180; x_wconf 86' lang='lat' dir='ltr'><strong>reponens</strong></span> <span class='ocrx_word' id='word_1_55' title='bbox 826 1097 861 1162; x_wconf 92' lang='lat' dir='ltr'><strong>in</strong></span> <span class='ocrx_word' id='word_1_56' title='bbox 890 1103 1000 1183; x_wconf 89' lang='lat' dir='ltr'><strong>Ppro</strong></span> <span class='ocrx_word' id='word_1_57' title='bbox 1027 1101 1180 1178; x_wconf 78' lang='grc' dir='ltr'>πολέμου.</span> 
     </span>
     <span class='ocr_line' id='line_1_8' title="bbox 62 1203 1180 1293; baseline 0.003 -24"><span class='ocrx_word' id='word_1_58' title='bbox 62 1203 165 1270; x_wconf 86' lang='lat' dir='ltr'><strong>Verum</strong></span> <span class='ocrx_word' id='word_1_59' title='bbox 185 1227 222 1270; x_wconf 82' lang='lat' dir='ltr'><strong>ex</strong></span> <span class='ocrx_word' id='word_1_60' title='bbox 244 1211 337 1291; x_wconf 82' lang='lat' dir='ltr'><strong>parte</strong></span> <span class='ocrx_word' id='word_1_61' title='bbox 357 1207 498 1271; x_wconf 83' lang='lat' dir='ltr'><strong>servavit</strong></span> <span class='ocrx_word' id='word_1_62' title='bbox 519 1211 563 1270; x_wconf 84' lang='lat' dir='ltr'><strong>A:</strong></span> <span class='ocrx_word' id='word_1_63' title='bbox 584 1208 650 1274; x_wconf 83' lang='grc' dir='ltr'><strong>ὑπὸ</strong></span> <span class='ocrx_word' id='word_1_64' title='bbox 671 1211 730 1286; x_wconf 85' lang='grc' dir='ltr'><strong>τοῦ</strong></span> <span class='ocrx_word' id='word_1_65' title='bbox 753 1210 942 1290; x_wconf 84' lang='grc' dir='ltr'>βαειλέιυε</span> <span class='ocrx_word' id='word_1_66' title='bbox 964 1209 1070 1274; x_wconf 76' lang='grc' dir='ltr'>Τίτοεε</span> <span class='ocrx_word' id='word_1_67' title='bbox 1098 1208 1180 1293; x_wconf 89' lang='lat' dir='ltr'><strong>quod</strong></span> 
     </span>
     <span class='ocr_line' id='line_1_9' title="bbox 63 1314 1181 1402; baseline 0.005 -25"><span class='ocrx_word' id='word_1_68' title='bbox 63 1314 221 1402; x_wconf 82' lang='lat' dir='ltr'><strong>allegisset</strong></span> <span class='ocrx_word' id='word_1_69' title='bbox 243 1317 464 1402; x_wconf 70' lang='lat' dir='ltr'><strong>interpolator,</strong></span> <span class='ocrx_word' id='word_1_70' title='bbox 488 1337 554 1381; x_wconf 91' lang='lat' dir='ltr'><strong>non</strong></span> <span class='ocrx_word' id='word_1_71' title='bbox 577 1317 742 1382; x_wconf 85' lang='lat' dir='ltr'><strong>incidisset</strong></span> <span class='ocrx_word' id='word_1_72' title='bbox 763 1317 797 1380; x_wconf 91' lang='lat' dir='ltr'><strong>in</strong></span> <span class='ocrx_word' id='word_1_73' title='bbox 820 1317 965 1402; x_wconf 89' lang='lat' dir='ltr'><strong>ineptum</strong></span> <span class='ocrx_word' id='word_1_74' title='bbox 985 1317 1063 1381; x_wconf 86' lang='lat' dir='ltr'><strong>illud</strong></span> <span class='ocrx_word' id='word_1_75' title='bbox 1084 1319 1181 1383; x_wconf 90' lang='grc' dir='ltr'>πολέ-</span> 
     </span>
     <span class='ocr_line' id='line_1_10' title="bbox 62 1425 1251 1510; baseline 0.003 -20"><span class='ocrx_word' id='word_1_76' title='bbox 62 1446 119 1502; x_wconf 87' lang='grc' dir='ltr'>μου.</span> <span class='ocrx_word' id='word_1_77' title='bbox 149 1425 246 1492; x_wconf 80' lang='lat' dir='ltr'><strong>Pleno</strong></span> <span class='ocrx_word' id='word_1_78' title='bbox 267 1431 312 1492; x_wconf 87' lang='lat' dir='ltr'><strong>B:</strong></span> <span class='ocrx_word' id='word_1_79' title='bbox 333 1429 398 1493; x_wconf 85' lang='grc' dir='ltr'><strong>ὑπὸ</strong></span> <span class='ocrx_word' id='word_1_80' title='bbox 420 1431 481 1493; x_wconf 81' lang='grc' dir='ltr'><strong>τοῦ</strong></span> <span class='ocrx_word' id='word_1_81' title='bbox 504 1429 694 1510; x_wconf 87' lang='grc' dir='ltr'>βαειλέωε</span> <span class='ocrx_word' id='word_1_82' title='bbox 716 1427 891 1508; x_wconf 86' lang='grc' dir='ltr'>ὕπαρχοι</span> <span class='ocrx_word' id='word_1_83' title='bbox 913 1429 1005 1494; x_wconf 85' lang='grc' dir='ltr'>Τῖτοε</span> <span class='ocrx_word' id='word_1_84' title='bbox 1027 1429 1183 1508; x_wconf 81' lang='grc' dir='ltr'>Ἑρμίνιοε</span> <span class='ocrx_word' id='word_1_85' title='bbox 1248 1485 1251 1494; x_wconf 90' lang='grc'>.</span> 
     </span>
     <span class='ocr_line' id='line_1_11' title="bbox 61 1537 535 1626; baseline 0.011 -28"><span class='ocrx_word' id='word_1_86' title='bbox 61 1537 102 1598; x_wconf 83' lang='grc' dir='ltr'><strong>καί</strong></span> <span class='ocrx_word' id='word_1_87' title='bbox 122 1538 246 1618; x_wconf 77' lang='grc' dir='ltr'>Μάριοι</span> <span class='ocrx_word' id='word_1_88' title='bbox 267 1538 423 1617; x_wconf 70' lang='grc' dir='ltr'>Ὁράτιοι.</span> <span class='ocrx_word' id='word_1_89' title='bbox 532 1617 535 1626; x_wconf 90' lang='lat'><em>.</em></span> 
     </span>
    </p>
   </div>
   <div class='ocr_carea' id='block_1_3' title="bbox 575 1815 649 1894">
    <p class='ocr_par' dir='ltr' id='par_1_3' title="bbox 575 1815 649 1894">
     <span class='ocr_line' id='line_1_12' title="bbox 575 1815 649 1894; baseline -0.027 -14"><span class='ocrx_word' id='word_1_90' title='bbox 575 1815 649 1894; x_wconf 61' lang='lat'><strong>§5-</strong></span> 
     </span>
    </p>
   </div>
   <div class='ocr_carea' id='block_1_4' title="bbox 58 1973 1259 4468">
    <p class='ocr_par' dir='ltr' id='par_1_4' title="bbox 58 1973 1259 4468">
     <span class='ocr_line' id='line_1_13' title="bbox 130 1973 1180 2061; baseline 0.001 -21"><span class='ocrx_word' id='word_1_91' title='bbox 130 1973 259 2061; x_wconf 79' lang='lat' dir='ltr'><strong>Prorsus</strong></span> <span class='ocrx_word' id='word_1_92' title='bbox 289 1979 447 2060; x_wconf 77' lang='lat' dir='ltr'><strong>cognatae</strong></span> <span class='ocrx_word' id='word_1_93' title='bbox 470 1995 541 2038; x_wconf 86' lang='lat' dir='ltr'><strong>eum</strong></span> <span class='ocrx_word' id='word_1_94' title='bbox 563 1973 624 2037; x_wconf 85' lang='lat' dir='ltr'><strong>hoo</strong></span> <span class='ocrx_word' id='word_1_95' title='bbox 646 1993 764 2058; x_wconf 83' lang='lat' dir='ltr'><strong>genere</strong></span> <span class='ocrx_word' id='word_1_96' title='bbox 786 1993 843 2036; x_wconf 83' lang='lat' dir='ltr'><strong>eae</strong></span> <span class='ocrx_word' id='word_1_97' title='bbox 865 1977 941 2038; x_wconf 84' lang='lat' dir='ltr'><strong>sunt</strong></span> <span class='ocrx_word' id='word_1_98' title='bbox 962 1975 1180 2060; x_wconf 86' lang='lat' dir='ltr'><strong>interpolatio·</strong></span> 
     </span>
     <span class='ocr_line' id='line_1_14' title="bbox 61 2083 1179 2169; baseline 0.007 -25"><span class='ocrx_word' id='word_1_99' title='bbox 61 2103 121 2165; x_wconf 86' lang='lat' dir='ltr'><strong>nes,</strong></span> <span class='ocrx_word' id='word_1_100' title='bbox 146 2107 278 2169; x_wconf 87' lang='lat' dir='ltr'><strong>quarum</strong></span> <span class='ocrx_word' id='word_1_101' title='bbox 302 2106 414 2150; x_wconf 80' lang='lat' dir='ltr'><strong>caussa</strong></span> <span class='ocrx_word' id='word_1_102' title='bbox 435 2106 501 2148; x_wconf 89' lang='lat' dir='ltr'><strong>nou</strong></span> <span class='ocrx_word' id='word_1_103' title='bbox 523 2084 640 2148; x_wconf 83' lang='lat' dir='ltr'><strong>lacuna</strong></span> <span class='ocrx_word' id='word_1_104' title='bbox 662 2083 740 2164; x_wconf 87' lang='lat' dir='ltr'><strong>luit,</strong></span> <span class='ocrx_word' id='word_1_105' title='bbox 765 2083 820 2146; x_wconf 88' lang='lat' dir='ltr'><strong>sed</strong></span> <span class='ocrx_word' id='word_1_106' title='bbox 842 2083 909 2146; x_wconf 86' lang='lat' dir='ltr'><strong>sola</strong></span> <span class='ocrx_word' id='word_1_107' title='bbox 931 2084 1107 2168; x_wconf 79' lang='lat' dir='ltr'><strong>scripturae</strong></span> <span class='ocrx_word' id='word_1_108' title='bbox 1129 2087 1179 2152; x_wconf 85' lang='lat' dir='ltr'><strong>de·</strong></span> 
     </span>
     <span class='ocr_line' id='line_1_15' title="bbox 61 2193 1231 2279; baseline 0.009 -24"><span class='ocrx_word' id='word_1_109' title='bbox 61 2195 197 2277; x_wconf 74' lang='lat' dir='ltr'><strong>pavatio,</strong></span> <span class='ocrx_word' id='word_1_110' title='bbox 227 2214 415 2279; x_wconf 81' lang='lat' dir='ltr'><strong>comparens</strong></span> <span class='ocrx_word' id='word_1_111' title='bbox 438 2215 476 2258; x_wconf 88' lang='lat' dir='ltr'><strong>ea</strong></span> <span class='ocrx_word' id='word_1_112' title='bbox 497 2194 532 2258; x_wconf 90' lang='lat' dir='ltr'><strong>in</strong></span> <span class='ocrx_word' id='word_1_113' title='bbox 555 2201 592 2275; x_wconf 76' lang='lat' dir='ltr'><strong>A,</strong></span> <span class='ocrx_word' id='word_1_114' title='bbox 616 2193 742 2257; x_wconf 88' lang='lat' dir='ltr'><strong>sublata</strong></span> <span class='ocrx_word' id='word_1_115' title='bbox 764 2193 799 2256; x_wconf 91' lang='lat' dir='ltr'><strong>in</strong></span> <span class='ocrx_word' id='word_1_116' title='bbox 822 2197 861 2255; x_wconf 87' lang='lat' dir='ltr'><strong>B.</strong></span> <span class='ocrx_word' id='word_1_117' title='bbox 905 2193 957 2257; x_wconf 79' lang='lat' dir='ltr'><strong>Sic</strong></span> <span class='ocrx_word' id='word_1_118' title='bbox 979 2193 1022 2278; x_wconf 86' lang='lat'><strong>11,</strong></span> <span class='ocrx_word' id='word_1_119' title='bbox 1045 2197 1087 2260; x_wconf 84' lang='lat'><strong>38</strong></span> <span class='ocrx_word' id='word_1_120' title='bbox 1110 2219 1182 2262; x_wconf 84' lang='lat' dir='ltr'><strong>curn</strong></span> <span class='ocrx_word' id='word_1_121' title='bbox 1202 2219 1231 2266; x_wconf 86' lang='lat'><strong>11</strong></span> 
     </span>
     <span class='ocr_line' id='line_1_16' title="bbox 60 2303 1182 2385; baseline 0.01 -23"><span class='ocrx_word' id='word_1_122' title='bbox 60 2305 202 2385; x_wconf 86' lang='lat' dir='ltr'><strong>repertum</strong></span> <span class='ocrx_word' id='word_1_123' title='bbox 225 2309 310 2368; x_wconf 85' lang='lat' dir='ltr'><strong>esset</strong></span> <span class='ocrx_word' id='word_1_124' title='bbox 332 2307 442 2384; x_wconf 80' lang='grc' dir='ltr'>μαθὼν</span> <span class='ocrx_word' id='word_1_125' title='bbox 465 2306 499 2369; x_wconf 82' lang='grc' dir='ltr'><strong>δὲ</strong></span> <span class='ocrx_word' id='word_1_126' title='bbox 521 2306 580 2382; x_wconf 83' lang='grc' dir='ltr'><strong>τὴν</strong></span> <span class='ocrx_word' id='word_1_127' title='bbox 602 2305 805 2382; x_wconf 82' lang='grc' dir='ltr'>παραεκευὴν</span> <span class='ocrx_word' id='word_1_128' title='bbox 828 2303 936 2367; x_wconf 83' lang='grc' dir='ltr'>αὐτῶν</span> <span class='ocrx_word' id='word_1_129' title='bbox 951 2303 1066 2371; x_wconf 81' lang='grc' dir='ltr'>Τάτιοε</span> <span class='ocrx_word' id='word_1_130' title='bbox 1081 2305 1182 2374; x_wconf 80' lang='grc' dir='ltr'>ὁτῶν</span> 
     </span>
     <span class='ocr_line' id='line_1_17' title="bbox 61 2410 1183 2496; baseline 0.008 -22"><span class='ocrx_word' id='word_1_131' title='bbox 61 2410 186 2492; x_wconf 75' lang='grc' dir='ltr'>ίιιβίνιυν</span> <span class='ocrx_word' id='word_1_132' title='bbox 208 2416 372 2496; x_wconf 84' lang='grc' dir='ltr'>βαειλεάε,</span> <span class='ocrx_word' id='word_1_133' title='bbox 403 2415 517 2480; x_wconf 84' lang='grc' dir='ltr'>νυκτὸτ</span> <span class='ocrx_word' id='word_1_134' title='bbox 539 2413 714 2491; x_wconf 83' lang='grc' dir='ltr'>άναετήεαε</span> <span class='ocrx_word' id='word_1_135' title='bbox 736 2413 795 2476; x_wconf 88' lang='grc' dir='ltr'><strong>τὸν</strong></span> <span class='ocrx_word' id='word_1_136' title='bbox 817 2415 952 2491; x_wconf 88' lang='grc' dir='ltr'>ετρατὸν</span> <span class='ocrx_word' id='word_1_137' title='bbox 975 2413 1032 2492; x_wconf 76' lang='grc' dir='ltr'>ἦγε</span> <span class='ocrx_word' id='word_1_138' title='bbox 1054 2417 1106 2480; x_wconf 80' lang='grc' dir='ltr'><strong>διὰ</strong></span> <span class='ocrx_word' id='word_1_139' title='bbox 1128 2421 1183 2496; x_wconf 74' lang='grc' dir='ltr'><strong>τῆς</strong></span> 
     </span>
     <span class='ocr_line' id='line_1_18' title="bbox 60 2521 1181 2612; baseline 0.005 -28"><span class='ocrx_word' id='word_1_140' title='bbox 60 2523 160 2600; x_wconf 78' lang='grc' dir='ltr'>χώραε,</span> <span class='ocrx_word' id='word_1_141' title='bbox 182 2525 281 2590; x_wconf 84' lang='grc' dir='ltr'>οὐδὲν</span> <span class='ocrx_word' id='word_1_142' title='bbox 303 2524 494 2602; x_wconf 88' lang='grc' dir='ltr'>οἰάμενοε</span> <span class='ocrx_word' id='word_1_143' title='bbox 515 2527 594 2589; x_wconf 80' lang='grc' dir='ltr'><strong>τῶν</strong></span> <span class='ocrx_word' id='word_1_144' title='bbox 616 2525 696 2588; x_wconf 85' lang='grc' dir='ltr'>κατά</span> <span class='ocrx_word' id='word_1_145' title='bbox 716 2523 793 2587; x_wconf 87' lang='grc' dir='ltr'>τοὺε</span> <span class='ocrx_word' id='word_1_146' title='bbox 808 2521 928 2603; x_wconf 83' lang='grc' dir='ltr'>άγροιίε</span> <span class='ocrx_word' id='word_1_147' title='bbox 951 2523 1012 2606; x_wconf 84' lang='lat' dir='ltr'><strong>(sie</strong></span> <span class='ocrx_word' id='word_1_148' title='bbox 1027 2525 1113 2589; x_wconf 81' lang='lat' dir='ltr'><strong>enirn</strong></span> <span class='ocrx_word' id='word_1_149' title='bbox 1130 2529 1181 2612; x_wconf 76' lang='lat' dir='ltr'><strong>A),</strong></span> 
     </span>
     <span class='ocr_line' id='line_1_19' title="bbox 60 2631 1183 2717; baseline 0.011 -27"><span class='ocrx_word' id='word_1_150' title='bbox 60 2633 89 2690; x_wconf 89' lang='lat' dir='ltr'><strong>ut</strong></span> <span class='ocrx_word' id='word_1_151' title='bbox 112 2631 210 2717; x_wconf 86' lang='lat' dir='ltr'><strong>eliqua</strong></span> <span class='ocrx_word' id='word_1_152' title='bbox 240 2633 402 2697; x_wconf 86' lang='lat' dir='ltr'><strong>sententia</strong></span> <span class='ocrx_word' id='word_1_153' title='bbox 431 2633 626 2713; x_wconf 80' lang='lat' dir='ltr'><strong>efficeretur,</strong></span> <span class='ocrx_word' id='word_1_154' title='bbox 656 2631 793 2696; x_wconf 81' lang='lat' dir='ltr'><strong>conficta</strong></span> <span class='ocrx_word' id='word_1_155' title='bbox 820 2631 900 2694; x_wconf 90' lang='lat' dir='ltr'><strong>haee</strong></span> <span class='ocrx_word' id='word_1_156' title='bbox 928 2637 1004 2696; x_wconf 88' lang='lat' dir='ltr'><strong>sunt</strong></span> <span class='ocrx_word' id='word_1_157' title='bbox 1032 2634 1065 2698; x_wconf 89' lang='lat' dir='ltr'><strong>in</strong></span> <span class='ocrx_word' id='word_1_158' title='bbox 1095 2641 1183 2701; x_wconf 78' lang='lat' dir='ltr'><em>ODP:</em></span> 
     </span>
     <span class='ocr_line' id='line_1_20' title="bbox 60 2740 1183 2824; baseline 0.009 -23"><span class='ocrx_word' id='word_1_159' title='bbox 60 2740 141 2806; x_wconf 79' lang='grc' dir='ltr'>οὐδὲν</span> <span class='ocrx_word' id='word_1_160' title='bbox 163 2743 349 2822; x_wconf 85' lang='grc' dir='ltr'>οίόμενοε</span> <span class='ocrx_word' id='word_1_161' title='bbox 372 2744 563 2824; x_wconf 84' lang='grc' dir='ltr'>βλάπτειν</span> <span class='ocrx_word' id='word_1_162' title='bbox 586 2743 665 2807; x_wconf 83' lang='grc' dir='ltr'>κατὰ</span> <span class='ocrx_word' id='word_1_163' title='bbox 685 2742 765 2807; x_wconf 78' lang='lat' dir='ltr'><strong>rote</strong></span> <span class='ocrx_word' id='word_1_164' title='bbox 788 2741 915 2820; x_wconf 84' lang='grc' dir='ltr'>ἀγρούε.</span> <span class='ocrx_word' id='word_1_165' title='bbox 953 2741 1122 2809; x_wconf 79' lang='lat' dir='ltr'><strong>Praeclare</strong></span> <span class='ocrx_word' id='word_1_166' title='bbox 1138 2749 1183 2811; x_wconf 86' lang='lat' dir='ltr'><strong>B:</strong></span> 
     </span>
     <span class='ocr_line' id='line_1_21' title="bbox 61 2849 1183 2937; baseline 0.01 -28"><span class='ocrx_word' id='word_1_167' title='bbox 61 2849 143 2916; x_wconf 81' lang='grc' dir='ltr'>οὐδὲν</span> <span class='ocrx_word' id='word_1_168' title='bbox 171 2854 382 2933; x_wconf 81' lang='grc' dir='ltr'>εινόμενοε</span> <span class='ocrx_word' id='word_1_169' title='bbox 409 2855 490 2919; x_wconf 81' lang='grc' dir='ltr'><strong>τῶν</strong></span> <span class='ocrx_word' id='word_1_170' title='bbox 520 2873 546 2916; x_wconf 89' lang='grc' dir='ltr'><strong>κ.</strong></span> <span class='ocrx_word' id='word_1_171' title='bbox 575 2873 602 2916; x_wconf 90' lang='grc' dir='ltr'><strong>τ.</strong></span> <span class='ocrx_word' id='word_1_172' title='bbox 633 2850 663 2915; x_wconf 89' lang='grc' dir='ltr'><strong>ά.</strong></span> <span class='ocrx_word' id='word_1_173' title='bbox 701 2887 745 2900; x_wconf 82' lang='lat'><strong>—-</strong></span> <span class='ocrx_word' id='word_1_174' title='bbox 780 2849 854 2914; x_wconf 89' lang='lat' dir='ltr'><strong>Non</strong></span> <span class='ocrx_word' id='word_1_175' title='bbox 881 2851 987 2914; x_wconf 85' lang='lat' dir='ltr'><strong>minus</strong></span> <span class='ocrx_word' id='word_1_176' title='bbox 1019 2856 1183 2937; x_wconf 84' lang='lat' dir='ltr'><strong>praeclare</strong></span> 
     </span>
     <span class='ocr_line' id='line_1_22' title="bbox 59 2955 1183 3044; baseline 0.014 -27"><span class='ocrx_word' id='word_1_177' title='bbox 59 2955 130 3022; x_wconf 87' lang='lat' dir='ltr'><strong>idem</strong></span> <span class='ocrx_word' id='word_1_178' title='bbox 149 2960 284 3044; x_wconf 78' lang='lat'>111‚67:</span> <span class='ocrx_word' id='word_1_179' title='bbox 306 2963 365 3040; x_wconf 87' lang='grc' dir='ltr'><strong>τήν</strong></span> <span class='ocrx_word' id='word_1_180' title='bbox 387 2981 421 3026; x_wconf 90' lang='grc' dir='ltr'>τε</span> <span class='ocrx_word' id='word_1_181' title='bbox 445 2961 582 3042; x_wconf 80' lang='grc' dir='ltr'>ἀγοράν,</span> <span class='ocrx_word' id='word_1_182' title='bbox 606 2963 676 3044; x_wconf 72' lang='grc' dir='ltr'><strong>ἐνῇ</strong></span> <span class='ocrx_word' id='word_1_183' title='bbox 699 2961 857 3028; x_wconf 77' lang='grc' dir='ltr'>δικάζουει</span> <span class='ocrx_word' id='word_1_184' title='bbox 878 2962 929 3024; x_wconf 89' lang='grc' dir='ltr'><strong>καί</strong></span> <span class='ocrx_word' id='word_1_185' title='bbox 951 2961 1183 3042; x_wconf 80' lang='grc' dir='ltr'>ἐκκληειάζουει</span> 
     </span>
     <span class='ocr_line' id='line_1_23' title="bbox 60 3069 1183 3156; baseline 0.014 -28"><span class='ocrx_word' id='word_1_186' title='bbox 60 3069 101 3130; x_wconf 82' lang='grc' dir='ltr'><strong>καὶ</strong></span> <span class='ocrx_word' id='word_1_187' title='bbox 118 3071 171 3135; x_wconf 73' lang='grc' dir='ltr'><strong>τά(</strong></span> <span class='ocrx_word' id='word_1_188' title='bbox 192 3071 295 3135; x_wconf 86' lang='grc' dir='ltr'>άλλαε</span> <span class='ocrx_word' id='word_1_189' title='bbox 316 3071 495 3136; x_wconf 86' lang='grc' dir='ltr'>ἐπιτελοῦει</span> <span class='ocrx_word' id='word_1_190' title='bbox 515 3071 679 3136; x_wconf 75' lang='grc' dir='ltr'>πολιτικὰ(</span> <span class='ocrx_word' id='word_1_191' title='bbox 701 3071 843 3150; x_wconf 75' lang='grc' dir='ltr'>πράξειε,</span> <span class='ocrx_word' id='word_1_192' title='bbox 870 3071 992 3140; x_wconf 74' lang='grc' dir='ltr'>ἐκεῖνο(</span> <span class='ocrx_word' id='word_1_193' title='bbox 1014 3078 1183 3156; x_wconf 85' lang='grc' dir='ltr'>ἐκάεμηεεν</span> 
     </span>
     <span class='ocr_line' id='line_1_24' title="bbox 60 3175 1184 3262; baseline 0.001 -21"><span class='ocrx_word' id='word_1_194' title='bbox 60 3175 261 3259; x_wconf 81' lang='grc' dir='ltr'>ἐργαττηρίοιε</span> <span class='ocrx_word' id='word_1_195' title='bbox 294 3199 328 3245; x_wconf 90' lang='grc' dir='ltr'>τε</span> <span class='ocrx_word' id='word_1_196' title='bbox 356 3182 417 3245; x_wconf 87' lang='grc' dir='ltr'><strong>καί</strong></span> <span class='ocrx_word' id='word_1_197' title='bbox 446 3181 608 3246; x_wconf 79' lang='grc' dir='ltr'>παττάτι</span> <span class='ocrx_word' id='word_1_198' title='bbox 637 3181 828 3260; x_wconf 82' lang='grc' dir='ltr'>περιλαβών.</span> <span class='ocrx_word' id='word_1_199' title='bbox 877 3178 966 3254; x_wconf 80' lang='lat' dir='ltr'><strong>Quod</strong></span> <span class='ocrx_word' id='word_1_200' title='bbox 1002 3181 1184 3262; x_wconf 82' lang='lat' dir='ltr'><strong>corruptum</strong></span> 
     </span>
     <span class='ocr_line' id='line_1_25' title="bbox 59 3274 1183 3374; baseline 0.004 -28"><span class='ocrx_word' id='word_1_201' title='bbox 59 3283 86 3346; x_wconf 84' lang='lat' dir='ltr'><strong>in</strong></span> <span class='ocrx_word' id='word_1_202' title='bbox 106 3290 161 3352; x_wconf 84' lang='grc' dir='ltr'><strong>καὶ</strong></span> <span class='ocrx_word' id='word_1_203' title='bbox 186 3294 281 3354; x_wconf 86' lang='grc' dir='ltr'>πᾱει</span> <span class='ocrx_word' id='word_1_204' title='bbox 308 3274 363 3374; x_wconf 71' lang='lat' dir='ltr'><strong>(A)</strong></span> <span class='ocrx_word' id='word_1_205' title='bbox 385 3289 471 3353; x_wconf 85' lang='lat' dir='ltr'><strong>hune</strong></span> <span class='ocrx_word' id='word_1_206' title='bbox 493 3311 636 3373; x_wconf 86' lang='lat' dir='ltr'><strong>pannum</strong></span> <span class='ocrx_word' id='word_1_207' title='bbox 658 3287 830 3373; x_wconf 84' lang='lat' dir='ltr'><strong>progenuit</strong></span> <span class='ocrx_word' id='word_1_208' title='bbox 857 3289 1121 3371; x_wconf 82' lang='lat' dir='ltr'><strong>interpolatorum</strong></span> <span class='ocrx_word' id='word_1_209' title='bbox 1148 3287 1183 3351; x_wconf 94' lang='lat' dir='ltr'><strong>li-</strong></span> 
     </span>
     <span class='ocr_line' id='line_1_26' title="bbox 61 3392 1184 3480; baseline 0.003 -21"><span class='ocrx_word' id='word_1_210' title='bbox 61 3392 187 3462; x_wconf 87' lang='lat' dir='ltr'><strong>b&#39;rorum:</strong></span> <span class='ocrx_word' id='word_1_211' title='bbox 223 3400 441 3480; x_wconf 83' lang='grc' dir='ltr'>ἐργαετηρίοιε</span> <span class='ocrx_word' id='word_1_212' title='bbox 466 3420 502 3464; x_wconf 88' lang='grc' dir='ltr'>τε</span> <span class='ocrx_word' id='word_1_213' title='bbox 525 3401 584 3463; x_wconf 85' lang='grc' dir='ltr'><strong>καὶ</strong></span> <span class='ocrx_word' id='word_1_214' title='bbox 608 3403 693 3464; x_wconf 78' lang='lat' dir='ltr'><strong>ruit</strong></span> <span class='ocrx_word' id='word_1_215' title='bbox 715 3398 851 3464; x_wconf 87' lang='grc' dir='ltr'>άλλοιε</span> <span class='ocrx_word' id='word_1_216' title='bbox 874 3397 1034 3477; x_wconf 85' lang='grc' dir='ltr'>κότμοιε</span> <span class='ocrx_word' id='word_1_217' title='bbox 1055 3400 1184 3477; x_wconf 80' lang='grc' dir='ltr'>περιλα·</span> 
     </span>
     <span class='ocr_line' id='line_1_27' title="bbox 59 3505 1184 3590; baseline -0.006 -11"><span class='ocrx_word' id='word_1_218' title='bbox 59 3505 122 3579; x_wconf 79' lang='grc' dir='ltr'>βών.</span> <span class='ocrx_word' id='word_1_219' title='bbox 156 3507 276 3573; x_wconf 74' lang='grc' dir='ltr'>(λυαίου</span> <span class='ocrx_word' id='word_1_220' title='bbox 298 3507 354 3590; x_wconf 84' lang='lat' dir='ltr'><strong>IV,</strong></span> <span class='ocrx_word' id='word_1_221' title='bbox 377 3509 435 3573; x_wconf 79' lang='lat'><strong>44:</strong></span> <span class='ocrx_word' id='word_1_222' title='bbox 463 3509 521 3574; x_wconf 88' lang='grc' dir='ltr'><strong>τὸν</strong></span> <span class='ocrx_word' id='word_1_223' title='bbox 543 3512 578 3574; x_wconf 81' lang='grc' dir='ltr'><strong>δὲ</strong></span> <span class='ocrx_word' id='word_1_224' title='bbox 601 3509 817 3590; x_wconf 84' lang='grc' dir='ltr'>ἀμφιθέατρον</span> <span class='ocrx_word' id='word_1_225' title='bbox 839 3508 1044 3587; x_wconf 80' lang='grc' dir='ltr'>ἱππόδρομον</span> <span class='ocrx_word' id='word_1_226' title='bbox 1066 3507 1184 3572; x_wconf 77' lang='grc' dir='ltr'>παττά-</span> 
     </span>
     <span class='ocr_line' id='line_1_28' title="bbox 59 3615 1183 3700; baseline 0.004 -24"><span class='ocrx_word' id='word_1_227' title='bbox 59 3631 98 3676; x_wconf 81' lang='grc' dir='ltr'>ειν</span> <span class='ocrx_word' id='word_1_228' title='bbox 117 3615 303 3694; x_wconf 83' lang='grc' dir='ltr'>ὑποετέγοιε</span> <span class='ocrx_word' id='word_1_229' title='bbox 330 3621 520 3699; x_wconf 85' lang='grc' dir='ltr'>περιλαβεῖν.</span> <span class='ocrx_word' id='word_1_230' title='bbox 556 3655 599 3668; x_wconf 90' lang='lat'><strong>-—</strong></span> <span class='ocrx_word' id='word_1_231' title='bbox 634 3617 697 3700; x_wconf 87' lang='lat' dir='ltr'><strong>lv,</strong></span> <span class='ocrx_word' id='word_1_232' title='bbox 721 3617 764 3682; x_wconf 79' lang='lat'><strong>24</strong></span> <span class='ocrx_word' id='word_1_233' title='bbox 795 3617 966 3681; x_wconf 82' lang='lat' dir='ltr'><strong>immanem</strong></span> <span class='ocrx_word' id='word_1_234' title='bbox 995 3615 1029 3679; x_wconf 92' lang='lat' dir='ltr'><strong>in</strong></span> <span class='ocrx_word' id='word_1_235' title='bbox 1056 3615 1183 3680; x_wconf 88' lang='lat' dir='ltr'><strong>modum</strong></span> 
     </span>
     <span class='ocr_line' id='line_1_29' title="bbox 58 3723 1259 3812; baseline -0.003 -24"><span class='ocrx_word' id='word_1_236' title='bbox 58 3731 192 3802; x_wconf 64' lang='lat' dir='ltr'><strong>gessae</strong></span> <span class='ocrx_word' id='word_1_237' title='bbox 214 3727 454 3812; x_wconf 78' lang='lat' dir='ltr'><strong>interpolatoris</strong></span> <span class='ocrx_word' id='word_1_238' title='bbox 475 3727 575 3792; x_wconf 91' lang='lat' dir='ltr'><strong>libido</strong></span> <span class='ocrx_word' id='word_1_239' title='bbox 597 3749 615 3790; x_wconf 88' lang='lat' dir='ltr'><strong>e</strong></span> <span class='ocrx_word' id='word_1_240' title='bbox 637 3727 750 3791; x_wconf 87' lang='lat' dir='ltr'><strong>leviter</strong></span> <span class='ocrx_word' id='word_1_241' title='bbox 772 3727 893 3791; x_wconf 84' lang='lat' dir='ltr'><strong>vitiatis</strong></span> <span class='ocrx_word' id='word_1_242' title='bbox 915 3725 1019 3790; x_wconf 84' lang='lat' dir='ltr'><strong>verbis</strong></span> <span class='ocrx_word' id='word_1_243' title='bbox 1040 3723 1184 3791; x_wconf 80' lang='lat' dir='ltr'><strong>Chisieni</strong></span> <span class='ocrx_word' id='word_1_244' title='bbox 1251 3773 1259 3784; x_wconf 86' lang='lat'><strong><em>.</em></strong></span> 
     </span>
     <span class='ocr_line' id='line_1_30' title="bbox 60 3831 1184 3922; baseline 0.007 -30"><span class='ocrx_word' id='word_1_245' title='bbox 60 3831 180 3918; x_wconf 82' lang='lat' dir='ltr'><strong>codicis,</strong></span> <span class='ocrx_word' id='word_1_246' title='bbox 204 3857 286 3920; x_wconf 85' lang='lat' dir='ltr'><strong>quae</strong></span> <span class='ocrx_word' id='word_1_247' title='bbox 307 3835 388 3900; x_wconf 87' lang='lat' dir='ltr'><strong>haee</strong></span> <span class='ocrx_word' id='word_1_248' title='bbox 410 3841 499 3901; x_wconf 85' lang='lat' dir='ltr'><strong>sunt:</strong></span> <span class='ocrx_word' id='word_1_249' title='bbox 537 3837 563 3902; x_wconf 80' lang='grc' dir='ltr'>εἰ</span> <span class='ocrx_word' id='word_1_250' title='bbox 584 3841 652 3903; x_wconf 86' lang='grc' dir='ltr'>τοῑε</span> <span class='ocrx_word' id='word_1_251' title='bbox 675 3837 890 3918; x_wconf 84' lang='grc' dir='ltr'>άφαιρεθεῑειν</span> <span class='ocrx_word' id='word_1_252' title='bbox 913 3837 948 3902; x_wconf 85' lang='grc' dir='ltr'><strong>ἐν</strong></span> <span class='ocrx_word' id='word_1_253' title='bbox 970 3837 1103 3922; x_wconf 86' lang='grc' dir='ltr'>πολέμῳ</span> <span class='ocrx_word' id='word_1_254' title='bbox 1124 3837 1184 3914; x_wconf 82' lang='grc' dir='ltr'><strong>τήν</strong></span> 
     </span>
     <span class='ocr_line' id='line_1_31' title="bbox 58 3947 1183 4026; baseline 0.008 -25"><span class='ocrx_word' id='word_1_255' title='bbox 58 3959 85 4003; x_wconf 91' lang='grc' dir='ltr'>τε</span> <span class='ocrx_word' id='word_1_256' title='bbox 104 3947 236 4025; x_wconf 82' lang='grc' dir='ltr'>πατρίδα</span> <span class='ocrx_word' id='word_1_257' title='bbox 257 3948 309 4011; x_wconf 89' lang='grc' dir='ltr'><strong>καὶ</strong></span> <span class='ocrx_word' id='word_1_258' title='bbox 329 3947 387 4026; x_wconf 90' lang='grc' dir='ltr'><strong>τήν</strong></span> <span class='ocrx_word' id='word_1_259' title='bbox 404 3947 586 4025; x_wconf 84' lang='grc' dir='ltr'>ἐλευθερίαν</span> <span class='ocrx_word' id='word_1_260' title='bbox 610 3949 681 4026; x_wconf 83' lang='grc' dir='ltr'><strong>χρὴ</strong></span> <span class='ocrx_word' id='word_1_261' title='bbox 704 3950 791 4012; x_wconf 86' lang='grc' dir='ltr'>τοίε</span> <span class='ocrx_word' id='word_1_262' title='bbox 812 3947 999 4025; x_wconf 82' lang='grc' dir='ltr'>γενομένοιτ</span> <span class='ocrx_word' id='word_1_263' title='bbox 1020 3947 1093 4026; x_wconf 89' lang='grc' dir='ltr'>περί</span> <span class='ocrx_word' id='word_1_264' title='bbox 1107 3947 1183 4010; x_wconf 89' lang='grc' dir='ltr'>τοὺε</span> 
     </span>
     <span class='ocr_line' id='line_1_32' title="bbox 59 4053 1228 4136; baseline 0.006 -25"><span class='ocrx_word' id='word_1_265' title='bbox 59 4055 394 4134; x_wconf 82' lang='grc' dir='ltr'>καταδουλωεαμέναυε</span> <span class='ocrx_word' id='word_1_266' title='bbox 422 4057 540 4134; x_wconf 86' lang='grc' dir='ltr'>ἢτοὺε</span> <span class='ocrx_word' id='word_1_267' title='bbox 567 4058 655 4136; x_wconf 85' lang='grc' dir='ltr'>παρὰ</span> <span class='ocrx_word' id='word_1_268' title='bbox 682 4059 830 4121; x_wconf 81' lang='grc' dir='ltr'>τοῦτον</span> <span class='ocrx_word' id='word_1_269' title='bbox 858 4057 1051 4136; x_wconf 72' lang='grc' dir='ltr'>πριαμένου(</span> <span class='ocrx_word' id='word_1_270' title='bbox 1079 4053 1183 4134; x_wconf 86' lang='grc' dir='ltr'>ἀμφό-</span> <span class='ocrx_word' id='word_1_271' title='bbox 1226 4103 1228 4108; x_wconf 67' lang='lat'>,</span> 
     </span>
     <span class='ocr_line' id='line_1_33' title="bbox 58 4165 1184 4247; baseline 0.003 -25"><span class='ocrx_word' id='word_1_272' title='bbox 58 4177 125 4239; x_wconf 82' lang='grc' dir='ltr'>τερα</span> <span class='ocrx_word' id='word_1_273' title='bbox 144 4167 246 4230; x_wconf 83' lang='grc' dir='ltr'>ταῦτα</span> <span class='ocrx_word' id='word_1_274' title='bbox 266 4167 354 4244; x_wconf 87' lang='grc' dir='ltr'>παρά</span> <span class='ocrx_word' id='word_1_275' title='bbox 381 4168 448 4230; x_wconf 84' lang='grc' dir='ltr'><strong>τῶν</strong></span> <span class='ocrx_word' id='word_1_276' title='bbox 475 4169 642 4232; x_wconf 81' lang='grc' dir='ltr'>θεεποτῶν</span> <span class='ocrx_word' id='word_1_277' title='bbox 671 4165 874 4246; x_wconf 76' lang='grc' dir='ltr'>ὑπάρξειν,</span> <span class='ocrx_word' id='word_1_278' title='bbox 908 4165 973 4230; x_wconf 88' lang='lat' dir='ltr'><strong>tale</strong></span> <span class='ocrx_word' id='word_1_279' title='bbox 1000 4165 1184 4247; x_wconf 88' lang='lat' dir='ltr'><strong>portentum</strong></span> 
     </span>
     <span class='ocr_line' id='line_1_34' title="bbox 60 4273 1185 4356; baseline 0.006 -25"><span class='ocrx_word' id='word_1_280' title='bbox 60 4273 244 4348; x_wconf 80' lang='lat' dir='ltr'><strong>procrearit:</strong></span> <span class='ocrx_word' id='word_1_281' title='bbox 273 4323 357 4338; x_wconf 91' lang='lat'><strong>....</strong></span> <span class='ocrx_word' id='word_1_282' title='bbox 386 4275 569 4355; x_wconf 81' lang='grc' dir='ltr'>ἐλευθερίαν</span> <span class='ocrx_word' id='word_1_283' title='bbox 593 4277 612 4354; x_wconf 86' lang='grc' dir='ltr'>ἢ</span> <span class='ocrx_word' id='word_1_284' title='bbox 634 4279 738 4356; x_wconf 87' lang='grc' dir='ltr'>παρά</span> <span class='ocrx_word' id='word_1_285' title='bbox 758 4281 836 4341; x_wconf 85' lang='grc' dir='ltr'><strong>τῶν</strong></span> <span class='ocrx_word' id='word_1_286' title='bbox 859 4279 1017 4354; x_wconf 85' lang='grc' dir='ltr'>πρῶτον</span> <span class='ocrx_word' id='word_1_287' title='bbox 1041 4274 1185 4338; x_wconf 73' lang='grc' dir='ltr'>αὐτοὺ(</span> 
     </span>
     <span class='ocr_line' id='line_1_35' title="bbox 59 4382 1185 4468; baseline 0.01 -30"><span class='ocrx_word' id='word_1_288' title='bbox 59 4385 463 4462; x_wconf 82' lang='grc' dir='ltr'>καταδουλωεαμένιυν</span> <span class='ocrx_word' id='word_1_289' title='bbox 486 4387 505 4464; x_wconf 85' lang='grc' dir='ltr'>ἢ</span> <span class='ocrx_word' id='word_1_290' title='bbox 527 4387 631 4464; x_wconf 89' lang='grc' dir='ltr'>παρά</span> <span class='ocrx_word' id='word_1_291' title='bbox 653 4389 732 4450; x_wconf 85' lang='grc' dir='ltr'><strong>τῶν</strong></span> <span class='ocrx_word' id='word_1_292' title='bbox 761 4385 841 4468; x_wconf 78' lang='grc' dir='ltr'><strong>(ἀπ’</strong></span> <span class='ocrx_word' id='word_1_293' title='bbox 864 4383 935 4448; x_wconf 84' lang='lat' dir='ltr'><strong>edd.</strong></span> <span class='ocrx_word' id='word_1_294' title='bbox 959 4385 998 4468; x_wconf 86' lang='lat' dir='ltr'><strong>P)</strong></span> <span class='ocrx_word' id='word_1_295' title='bbox 1021 4382 1185 4449; x_wconf 80' lang='grc' dir='ltr'>ἐκείνων</span> 
     </span>
    </p>
   </div>
   <div class='ocr_carea' id='block_1_5' title="bbox 0 0 1480 5132">
    <p class='ocr_par' dir='ltr' id='par_1_5' title="bbox 0 0 1480 5132">
     <span class='ocr_line' id='line_1_36' title="bbox 0 0 1480 5132; baseline 0 1"><span class='ocrx_word' id='word_1_296' title='bbox 0 0 1480 5132; x_wconf 95' lang='lat' dir='ltr'><strong> </strong></span> 
     </span>
    </p>
   </div>
  </div>
 </body>
</html>
