2990 5140
457 355 574 414 nuova
597 355 815 418 samosateo.
1146 340 1204 400 189

156 507 204 570 Ad
227 505 524 569 Aristarcheam
546 509 766 590 quaestionem
788 528 873 568 nunc
895 506 959 568 ianr
974 504 1204 568 transeundum

79 621 169 696 esset,
191 615 254 678 nisi
277 638 390 678 novam
413 615 664 698 disputationem
687 615 870 680 chartarum
892 615 1062 699 angustiae
1084 615 1203 678 dissua-

79 725 190 788 derent.
235 724 274 789 In
296 725 379 788 aliud
409 725 509 809 igitur
530 730 656 808 tempus
679 747 759 808 quae
781 729 907 788 restant
929 725 1052 806 dilatis,
1082 725 1203 788 curabi-

79 857 139 896 mus
164 837 200 896 ut
227 833 413 898 destitutam
441 857 527 898 nunc
553 834 752 918 provinciam
780 835 982 918 diligentius,
1013 857 1108 917 quam
1135 835 1204 897 fieri

80 945 131 1006 boc
161 943 228 1007 loco
260 947 424 1027 potuerat,
463 945 648 1007 recolamus.
707 941 803 1030 [Casu
834 945 972 1024 factum,
1011 943 1092 1026 quod
1126 943 1204 1006 haec

81 1052 234 1135 promissio
256 1057 405 1117 eventurn
432 1075 496 1116 non
526 1052 649 1116 habuit.
694 1053 829 1116 Interim
858 1052 1082 1116 retractandae
1112 1052 1204 1115 buius

81 1163 261 1244 quaestionis
299 1163 398 1226 otium
435 1163 527 1226 nobis
570 1164 648 1226 fecit
685 1163 787 1227 Maur.
826 1161 995 1226 Schmidtii
1035 1161 1203 1246 diligentia

81 1269 226 1356 Philologi
248 1277 273 1334 t.
297 1271 361 1334 Vll
381 1293 413 1356 p.
438 1273 501 1336 360
523 1271 604 1360 sqq]

84 1505 142 1560 luba
158 1508 281 1573 metrico,
300 1526 361 1561 curn
373 1526 423 1561 nos
436 1507 557 1561 stamina
568 1509 678 1562 tantum
692 1507 830 1576 quaedam
843 1507 1057 1562 tctemlisscmus
1070 1507 1204 1562 curiosius

84 1615 155 1664 quam
173 1603 234 1654 ante
252 1601 358 1654 factum
376 1601 437 1654 erat
455 1600 626 1668 quaerendo.
650 1619 712 1654 mox
731 1602 837 1654 intexto
856 1601 1011 1654 subtemine
1030 1605 1058 1654 st
1079 1601 1205 1670 pleniora

84 1695 108 1744 et
123 1709 152 1744 er
168 1697 244 1760 parte
262 1693 382 1748 rectiora
399 1693 479 1746 multi
498 1693 662 1748 docuerunt:
698 1693 832 1761 Bergkius
846 1694 933 1747 Musei
949 1694 1015 1763 phil.
1034 1694 1122 1748 Rhen.
1140 1695 1204 1748 ιιοιπΙ

85 1783 127 1850 Ιρ.
138 1791 184 1838 871
195 1802 262 1853 sqq,
280 1785 312 1838 Β.
332 1788 379 1840 tau
396 1785 482 1839 Brink
500 1785 528 1838 in
546 1787 636 1840 lubae
648 1787 781 1840 Maiuusii
798 1787 921 1854 reliquiis
933 1786 1078 1840 Vltraiecti
1096 1787 1204 1840 emissis

84 1859 191 1942 111864,
213 1878 375 1932 Leutschius
398 1878 537 1946 Philologi
559 1879 584 1932 Π
606 1897 633 1948 p.
653 1884 702 1932 146
725 1895 798 1946 sqq,
822 1879 1008 1932 Rossbachius
1031 1881 1059 1932 in
1083 1879 1204 1948 disputa·

84 1968 148 2022 tione
173 1970 205 2024 de
227 1971 442 2040 Hephaestionis
468 1970 648 2025 Alexandrini
674 1971 752 2024 libris
775 1970 958 2025 Vratislaviae
982 1991 1005 2026 a.
1033 1978 1096 2026 1867
1120 1971 1204 2036 edita,

85 2065 182 2127 praeter
203 2065 310 2117 ceteros
332 2067 425 2118 autem
447 2063 581 2118 Henricus
604 2063 707 2118 Kailios
730 2063 928 2128 Quaestionum
954 2081 1071 2132 gramm.
1094 2064 1204 2132 Lipsiae

85 2171 105 2204 a.
125 2160 181 2208 1860
197 2157 372 2226 nugatamm
390 2175 417 2226 p.
437 2163 453 2211 6
471 2173 531 2224 sqq.
557 2157 619 2209 coll.
642 2157 737 2210 adnot.
761 2157 797 2210 ad
819 2157 990 2210 Priscianum
1011 2161 1031 2209 t.
1052 2157 1075 2208 ll
1098 2175 1125 2225 p.
1144 2163 1202 2210 411.

87 2243 118 2298 llo
139 2263 246 2314 quorum
269 2249 505 2318 disputationibus
528 2249 655 2304 omuibus
674 2252 750 2302 recto
773 2248 873 2302 iudicio
892 2249 911 2302 l.
932 2249 963 2302 ll.
983 2249 1090 2317 Lipsius
1113 2249 1203 2302 existi·

86 2339 195 2394 mantin
206 2341 377 2396 Fleckeiseni
389 2343 487 2412 Annal.
501 2342 568 2411 phil.
581 2347 601 2395 t.
616 2347 647 2396 81
661 2345 748 2406 (1860)
759 2359 785 2410 p.
799 2347 848 2394 607
862 2358 921 2408 sqq.
941 2341 1065 2394 Accessit
1074 2341 1203 2408 ‹leiuceps

86 2429 162 2486 bonae
182 2435 265 2503 liug's
285 2435 383 2503 plenas
401 2435 604 2488 Waohsmuthii
627 2435 655 2486 in
676 2435 773 2488 Philol.
791 2433 853 2486 XVI
872 2452 899 2502 p.
918 2439 967 2488 648
985 2450 1045 2500 sqq.
1068 2451 1204 2487 commen-

86 2523 197 2590 tariolus,
214 2545 302 2596 nuper
320 2531 414 2582 autem
432 2528 544 2582 uberior
556 2527 713 2596 Westphuli
728 2527 869 2580 enarratio
887 2525 937 2579 Rei
955 2526 1088 2580 metricae
1107 2527 1159 2580 vol.
1180 2527 1204 2578 ll

86 2621 146 2682 part.
163 2623 177 2670 1
193 2621 278 2688 (1866)
298 2638 325 2689 ρ.
346 2625 394 2674 146
413 2637 472 2688 sqq.
490 2620 614 2688 inserta]

143 2837 307 2906 [ldoderaudi
324 2839 533 2910 corrigendique
551 2841 715 2910 typothetae
733 2858 827 2894 curam
845 2857 952 2903 mecum
970 2839 1095 2910 partiens
1115 2841 1204 2893 ocula-

87 2925 191 2984 tissimus
208 2934 311 2988 amicus
328 2934 457 2988 Alfredus
475 2933 668 2988 Fleckeiseuus
691 2934 822 3002 quoniam
843 2934 872 2986 in
890 2933 1096 2986 stichometriae
1114 2949 1204 2986 exem-

88 3019 131 3085 plis
141 3039 217 3094 supra
227 3026 326 3095 positis
344 3027 481 3094 quaedam
498 3025 668 3080 desiderata
680 3025 887 3080 Schneidewino
899 3031 995 3080 nostro
1008 3025 1074 3078 olim
1087 3042 1204 3078 comme-

88 3119 181 3170 morata
201 3135 260 3172 cnm
282 3120 311 3173 in
333 3119 419 3173 Nunt.
442 3119 495 3172 litt.
515 3119 640 3187 Gotting.
660 3135 685 3172 a.
705 3125 769 3174 1838
787 3137 823 3172 m.
842 3119 907 3172 Dec.
926 3137 953 3188 p.
970 3124 1035 3172 2061
1055 3121 1114 3171 tum
1136 3117 1203 3171 Con-

87 3203 253 3265 iectaneorum
277 3213 337 3265 crit.
361 3210 509 3278 (editorum
527 3229 551 3266 a.
573 3215 648 3278 1838)
666 3229 693 3280 p.
714 3218 762 3265 176
780 3227 830 3278 sq,
852 3211 922 3265 haec
944 3211 1085 3264 sciendum
1103 3213 1146 3264 ost
1167 3211 1204 3264 ad

88 3297 221 3368 simplicem
238 3305 389 3358 cai-mnium
407 3305 611 3359 metiendomm
627 3304 765 3358 rationem
783 3308 917 3373 spectare.
953 3304 1025 3358 Nam
1044 3303 1077 3358 de
1095 3303 1203 3356 Solonis

88 3389 164 3460 elegia
174 3396 351 3452 celeberrima
362 3415 449 3466 agens
462 3397 625 3452 Plutarchus
642 3397 671 3450 in
687 3397 745 3450 vita
758 3395 813 3450 Sol.
828 3413 849 3450 o.
864 3404 879 3452 8
896 3401 983 3450 τοῦτο
1000 3397 1030 3450 δέ
1047 3397 1081 3448 τὸ
1099 3397 1204 3462 ποίημα

88 3481 163 3550 inquit
180 3489 294 3554 (αλαμίτ
313 3492 513 3557 ἐπιγέγραπται
531 3493 576 3544 καί
595 3489 721 3555 (τίχων
740 3491 866 3544 ἑκατόν
884 3491 939 3543 ἐττι
959 3489 1110 3556 χαριέντως
1130 3487 1204 3540 πάνυ

89 3583 275 3645 πεποιημένων.
311 3584 380 3636 Item
392 3582 577 3652 Euphorionis
596 3581 724 3636 carminis
743 3581 857 3635 alicuius
875 3581 999 3648 singulos
1016 3579 1102 3632 libros
1115 3579 1139 3630 V
1152 3581 1204 3632 bid

89 3671 192 3730 xillus
209 3677 300 3730 ἐπῶν
317 3675 487 3746 perscriptos
509 3675 593 3730 fuisse
612 3674 711 3728 Suidas
729 3693 753 3728 v.
773 3673 923 3742 Εὐφορίων
944 3675 1065 3726 testatur
1082 3675 1157 3726 recte
1176 3673 1205 3724 ct

89 3763 231 3820 emendatus
253 3771 282 3822 et
303 3768 463 3838 explicatus.
512 3767 571 3832 Quo
599 3767 794 3836 Bernhardyus
816 3765 960 3820 Niebuhrii
987 3783 1069 3820 suasu
1097 3765 1206 3818 addidit

90 3849 256 3926 Turdetanos,
274 3863 320 3928 qui
339 3861 476 3916 Strabone
495 3863 607 3915 auctore
625 3861 674 3914 lib.
692 3861 739 3926 ΙΙΙ,
759 3867 781 3923 1,
798 3865 814 3912 6
832 3877 858 3928 p.
875 3865 922 3914 139
935 3859 996 3912 Cas.
1015 3865 1065 3924 τῆ(
1085 3862 1203 3912 παλαιὰ(

91 3947 183 4016 μνήμη(
204 3954 291 4019 ἔχαυτι
313 3957 511 4022 τυγγράμματα
534 3959 579 4008 καὶ
603 3955 746 4020 ποιήματα
768 3956 813 4006 καὶ
832 3955 936 4018 νόμου(
959 3953 1110 4018 ἐμμέτρου(
1131 3952 1203 4004 ἑξα-

91 4044 248 4104 uerutus
265 4049 355 4101 ἐπῶν
374 4053 438 4116 (non
457 4049 540 4116 ἐτῶν)
560 4049 598 4101 ὥ(
616 4047 699 4114 φατι]

486 4287 784 4301 u——————-·⁸¹
