2954 5134
331 368 592 416 ouonouoorvn
616 368 898 418 vrunououanse.
1134 354 1198 417 575

76 543 157 606 saepe
181 543 236 586 usu
262 521 367 605 venit,
405 525 474 586 tum
509 521 550 586 ab
579 521 648 606 ipso
677 521 823 607 Diogene
852 522 979 586 Laertio
1007 521 1198 606 aliquotiens

74 635 203 696 notatur:
237 653 298 696 uec
325 631 364 696 de
393 631 456 696 VII
490 632 689 716 sapientibus
717 635 844 698 tantum
879 635 1135 717 (διαφωνοῦνται
1163 634 1199 698 δὲ

75 744 117 806 καὶ
135 741 305 824 όποφάςεις
329 742 437 808 αὐτῶν
459 745 509 807 καὶ
531 743 633 810 ἄλλου
655 742 736 808 ἄλλο
759 745 855 827 φαςὶν
883 743 966 811 εἶναι
986 743 1018 826 1,
1041 743 1113 828 41),
1143 742 1198 806 sed

74 851 107 914 de
137 851 203 916 aliis
235 852 380 936 plurimis
416 852 587 916 certiorem
615 853 814 918 saeculorum
847 852 1055 937 philosophis.
1110 852 1199 916 Idem

74 961 147 1026 euim
167 965 302 1026 testatur
323 961 362 1026 de
385 963 519 1046 lllysone
542 965 575 1026 et
596 961 767 1028 Pisistrato
787 963 815 1047 1,
839 964 910 1047 108,
934 964 974 1027 de
989 964 1196 1047 Anaxagora,

73 1071 173 1136 Solone
180 1123 188 1154 ,
217 1071 431 1156 Xenophonte
460 1073 509 1155 11,
541 1074 596 1154 13,
627 1073 666 1138 de
688 1072 834 1159 Diogene
866 1071 1036 1157 Sinopensi
1065 1077 1098 1138 et
1126 1073 1198 1136 Ari·

72 1181 164 1266 stippo
185 1181 247 1267 Vl,
270 1183 323 1248 25.
346 1183 388 1248 32
409 1177 461 1248 vel
483 1182 649 1248 Theodoro
672 1183 734 1267 Vl,
757 1183 800 1248 42
822 1184 873 1248 vel
895 1183 1039 1268 Diagora
1063 1183 1119 1266 VI,
1143 1183 1196 1266 59,

72 1291 104 1354 de
123 1291 295 1378 Chrysippo
317 1295 350 1358 et
371 1292 529 1358 Eubulide
551 1292 625 1378 VII,
644 1293 714 1360 187.
746 1294 795 1360 Ac
819 1297 905 1358 certe
927 1295 962 1358 in
983 1294 1088 1360 facete
1111 1293 1199 1358 dieta

70 1424 127 1466 uon
152 1403 225 1468 licet
252 1403 331 1468 illud
359 1404 641 1484 ἐξιδιοποιήςαςθοι
669 1404 925 1487 accommodare,
960 1403 1043 1489 quod
1072 1403 1198 1470 Chiloni

71 1511 170 1576 tribuit
190 1513 220 1597 1,
244 1514 322 1578 40.'
342 1514 423 1580 illuc
449 1519 485 1578 ut
513 1517 726 1580 revertamur:
763 1537 858 1599 quem
884 1514 984 1599 igitur
1012 1513 1102 1578 illum
1130 1535 1199 1578 esse

71 1621 207 1688 Orionem
227 1625 430 1708 putabimus,
460 1624 511 1689 cui
539 1624 734 1690 tribueretur
761 1625 802 1688 ab
830 1624 918 1708 aliis,
946 1625 1030 1708 quod
1058 1623 1099 1688 ab
1127 1623 1199 1688 aliis

69 1731 188 1798 bocrati
211 1735 264 1800 vel
278 1733 487 1799 Democrito?
516 1736 571 1800 An
586 1735 754 1820 quisquam
768 1735 808 1800 de
823 1734 1047 1800 obscurissimo
1070 1733 1199 1798 bomine

70 1844 212 1927 cogitabit
225 1844 362 1929 Epicuri
383 1844 589 1930 discipulo*),
614 1867 708 1930 quem
730 1847 816 1910 inter
837 1849 886 1910 tot
908 1844 1086 1928 Epicureae
1108 1843 1199 1909 scho-

69 1951 111 2018 lae
139 1959 313 2020 sectatores
346 1955 460 2022 ultimo
491 1956 560 2020 loco
596 1954 757 2040 Diogenes
787 1954 835 2039 X,
866 1957 909 2020 26
938 1955 1068 2038 posuit?
1117 1953 1199 2030 Quid

69 2065 180 2129 mdta?
200 2089 265 2130 uno
290 2065 385 2130 verbo
408 2065 513 2130 dicam
535 2067 618 2150 quod
641 2087 691 2130 rea
714 2071 777 2132 est:
801 2069 985 2150 corruptum
1001 2069 1049 2130 est
1065 2067 1199 2147 ὡρίων

70 2197 100 2237 er
120 2177 248 2258 ἱέρων.
296 2175 396 2259 Atqui
423 2197 479 2239 rex
507 2175 561 2240 ille
588 2175 665 2259 fuit,
697 2197 762 2240 non
790 2175 1007 2260 philosophus.
1053 2178 1099 2240 At
1126 2197 1200 2240 vero

69 2284 160 2350 dictare
187 2291 235 2351 est
265 2285 474 2370 philosophus
502 2286 600 2350 etiam
632 2287 673 2350 ab
701 2286 839 2350 Arsenio
867 2308 899 2369 p.
929 2287 1008 2350 306:
1044 2289 1151 2368 Ἱέρων
1180 2288 1198 2351 ὁ

69 2397 256 2478 φιλόςοφος,
280 2397 391 2477 ἰατρόν
414 2399 464 2462 καί
486 2397 584 2477 φίλον
612 2397 693 2476 ἡγοῦ
716 2399 794 2462 τοὺς
816 2397 852 2462 ἐν
875 2396 1028 2474 ἀνάγκαις
1050 2397 1199 2462 ςπουδαί-

69 2525 134 2584 ους,
161 2508 234 2588 ἔφη.
280 2505 324 2570 ue
350 2507 459 2590 paullo
486 2509 560 2590 post
588 2506 623 2570 iu
644 2505 861 2572 Laurentiano
892 2505 1017 2572 codice:
1049 2507 1199 2586 Ἱέρωνό

69 2617 239 2700 φιλόςοφος
263 2617 351 2698 ἔχων
373 2619 433 2683 δύο
456 2619 626 2698 μαθητὰς
649 2639 676 2682 e.
700 2640 731 2701 q.
754 2639 780 2682 s.
826 2616 900 2681 Nou
921 2617 1026 2700 magis
1050 2616 1200 2682 credibile

68 2731 118 2809 est,
139 2727 291 2810 latemur,
315 2726 397 2810 quod
412 2726 452 2792 de
467 2726 618 2792 Hieronis
633 2726 848 2811 discipulis
871 2725 1017 2792 hocloco
1039 2731 1199 2812 narratur,

68 2857 152 2918 quam
173 2837 328 2902 Hieronis
350 2837 544 2902 senteutiam
571 2859 655 2921 ease,
693 2859 774 2923 quae
803 2837 908 2920 prima
936 2841 985 2902 cst
1011 2839 1047 2902 iu
1076 2837 1201 2921 sylloge

68 2943 318 3014 vindobonensi:
341 2947 423 3029 ὅπερ
444 2950 481 3014 ςὺ
503 2952 598 3028 μιςεῑς
620 2949 702 3028 παρ’
723 2948 833 3014 ἄλλων
856 2969 905 3014 ςοι
925 2947 1079 3025 γενέςθαι,
1103 2952 1200 3013 τοῦτο

66 3056 104 3122 εἰς
128 3059 258 3141 ἑτέρους
286 3061 328 3139 μὴ
355 3059 455 3124 ποίειΙ
497 3057 565 3124 Nec
593 3081 667 3124 vero
695 3057 727 3122 id
755 3080 814 3122 uos
843 3061 982 3144 egimus,
1011 3063 1047 3122 ut
1075 3057 1199 3122 illorum

66 3168 214 3252 originem
252 3167 563 3253 apophthegmatum
600 3169 799 3253 exigeremus
837 3168 876 3233 ad
914 3169 1099 3234 veritatem:
1140 3168 1201 3234 hoc

66 3299 154 3344 uuum
176 3280 337 3345 voluimus
359 3277 519 3361 obtinere,
548 3283 584 3343 ut
607 3279 747 3362 corrupti
769 3280 909 3344 nominis
931 3279 1022 3364 origo
1044 3283 1201 3362 repetere

65 3393 111 3451 tur
131 3413 169 3454 ex
189 3389 359 3476 patefacto
381 3410 487 3454 errore
509 3389 721 3454 librariorum.
755 3389 903 3456 Ceterum
925 3389 979 3474 qui
1001 3389 1109 3474 paullo
1131 3389 1201 3454 dili·
1221 3405 1238 3452 ι

65 3501 185 3582 gentius
214 3500 475 3586 perlustraverit,
505 3521 586 3584 quaa
615 3501 658 3564 ab
680 3501 818 3566 Arsenio
847 3523 879 3584 p.
903 3499 966 3565 306
988 3523 1036 3584 sq.
1064 3499 1202 3584 primum

66 3616 280 3697 congeruntur
294 3609 446 3676 Hieronis
467 3610 662 3695 philosophi,
686 3611 800 3674 deinde
815 3609 967 3676 Hieronis
988 3615 1049 3678 ςοῦ
1072 3612 1202 3678 (ικελοῡ

62 3724 234 3802 τυράννου,
265 3742 361 3806 porro
383 3720 606 3805 Hippocratis,
636 3725 796 3805 postremo
824 3720 975 3786 Isocratis
1004 3720 1202 3806 apophtheg·

64 3837 154 3916 mata,
179 3833 233 3898 rix
258 3830 354 3896 credo
376 3829 537 3896 dubitabit
559 3831 647 3915 quin,
671 3853 752 3915 quae
776 3831 860 3895 illius
883 3833 910 3896 si
933 3831 982 3896 dis
1005 3832 1112 3916 placet
1132 3831 1203 3917 phi-

64 3942 180 4030 lesophi
203 3944 374 4026 dicuntur,
403 3941 443 4006 ad
465 3941 621 4006 Isocratis
648 3942 754 4025 potius
782 3941 1011 4026 pertinuerint:
1049 3942 1203 4028 aquibus

126 4220 151 4288 ⁴¹)
174 4221 267 4290 [Fecit
289 4221 318 4276 id
335 4225 431 4277 tamen
447 4221 602 4276 Meiuekius
621 4219 736 4278 Stobaei
757 4223 811 4278 vol.
833 4223 869 4278 1v
887 4225 972 4292 prael.
994 4219 1137 4292 p.x1.1x‚
1157 4223 1204 4292 qui

65 4311 171 4375 uiridem
189 4315 270 4384 apud
287 4315 433 4370 Amanium
452 4315 528 4372 Βίων
546 4319 562 4370 ό
580 4317 735 4384 φιλόςοφος
758 4333 808 4386 pro
831 4319 924 4384 Ἱέρων
942 4319 958 4370 ό
976 4333 1006 4383 φ.
1027 4316 1204 4374 scribendum

67 4404 178 4462 comecit
195 4407 305 4462 ibidem
322 4427 349 4478 p.
369 4407 449 4478 xm]
