2952 5132
281 341 345 406 450
736 355 783 404 ns
806 349 955 406 nlnsrrs

325 512 476 589 Μαρεύαε
497 511 712 590 Περιάνδρου,
734 510 904 585 Πελλαῖοι,
926 507 1089 586 ἱετορικόε.
1112 505 1206 571 οὗτοι
1220 510 1252 571 δὲ
1263 505 1295 586 ἢν
1312 505 1372 584 πρό·

364 641 459 699 τερον
486 621 855 700 γραμματοδιδάεκαλοε,
891 618 941 682 καὶ
973 617 1116 696 άδελφόε
1144 617 1308 691 Ἀντιγόνου
1329 619 1374 678 τοῦ

365 731 442 806 μετὰ
462 735 563 794 ταῦτα
586 730 843 810 βαειλεύεαντοε,
867 729 1047 808 εύντροφοε
1069 728 1105 790 δὲ
1127 727 1314 804 Ἀλεξάνδρου
1331 727 1374 788 roi

366 841 437 924 (τοῦ
467 841 668 906 Μακεδόνων
689 838 845 922 Eudoeia)
876 839 1038 918 βαειλέωε.
1068 837 1190 916 ἔγραψε
1212 835 1376 900 Μακεδονικὰ

365 948 400 1012 ἐν
424 950 553 1029 βιβλίοιε
576 951 662 1030 δέκα,
686 949 803 1026 ἤρξατο
819 950 854 1012 δὲ
869 947 935 1011 ἀπὸ
954 951 1013 1011 τοῦ
1029 948 1160 1026 πρώτου
1176 945 1376 1025 βαειλεὺιοντυι

366 1059 564 1123 Μακεδόνων
593 1061 643 1123 καὶ
672 1056 804 1141 (excidit
830 1060 944 1140 προῄει
971 1055 1020 1118 vel
1049 1057 1204 1138 προῆλθε)
1236 1056 1312 1134 μέχρι
1337 1057 1378 1128 nir

364 1168 574 1247 Ἀλεξάνδρου
601 1172 659 1232 τοῦ
687 1167 849 1231 Φιλίππου
877 1166 928 1230 ἐπὶ
956 1168 1014 1244 τὴν
1044 1165 1158 1244 (υρίαν
1185 1165 1298 1245 ἐφόδου
1321 1163 1379 1241 μετά

363 1278 421 1354 τὴν
437 1277 673 1357 Ἀλεξανδρεία(
694 1275 804 1341 κτίειν·
827 1276 949 1339 Ἀττικὰ
969 1275 1004 1340 ἐν
1021 1275 1149 1355 βιβλίοιε
1172 1271 1219 1354 ιβ’,
1240 1276 1284 1337 καὶ
1302 1271 1379 1336 αὐτοῦ
1470 1303 1473 1308 ·

363 1389 420 1448 τοῦ
444 1386 654 1466 Ἀλεξάνδρου
676 1385 816 1463 ἀγωγήν.

323 1496 473 1574 Μαρεύαε
497 1497 710 1576 Κριτοφήμου,
733 1494 924 1571 Φιλιππεύε,
946 1494 1100 1574 ἱετορικὸε
1123 1493 1142 1558 ὸ
1165 1494 1317 1571 νεώτεροι.

324 1605 475 1684 Μαρεύαε
498 1607 640 1684 Μάριου,
663 1606 820 1685 Ταβηνόε,
842 1605 1005 1686 ἱετορικόε.
1030 1604 1172 1683 ἔγραψεν
1188 1600 1382 1682 ἀρχαιολογίαν

364 1714 399 1778 ἐν
422 1715 550 1794 βιβλίοις
574 1712 620 1794 ιβ’,
643 1716 759 1794 ’μυθικὰ
787 1715 823 1780 ἐν
846 1715 973 1794 βιβλίον(
995 1712 1031 1792 Z',
1060 1714 1109 1777 καὶ
1137 1713 1230 1793 ἕτερά
1250 1733 1312 1778 τινα
1330 1711 1383 1788 περὶ

362 1827 418 1901 τῆε
441 1823 518 1887 ἰδία(
541 1825 701 1904 πατρίδος.

362 2017 401 2080 ln
428 2017 477 2080 his
503 2018 557 2080 vix
585 2039 774 2102 quemquam
796 2018 903 2102 fugiat
924 2017 1122 2100 aliquantum
1145 2037 1213 2080 esse
1234 2015 1384 2079 turbatum:

276 2127 405 2190 tametsi
432 2125 514 2190 nihil
542 2128 608 2190 eius
631 2128 716 2191 modi
738 2128 788 2191 vel
804 2127 936 2190 Vossius
964 2126 1173 2190 subodoratus
1196 2130 1242 2188 est
1264 2125 1310 2187 vel
1334 2143 1385 2206 pro
1472 2204 1473 2208 Ἰ

276 2237 378 2299 fessus
401 2235 730 2320 Selrweighaeuserus
773 2236 858 2300 Nam
881 2236 930 2300 oui
952 2258 1019 2298 non
1040 2237 1155 2298 mirum
1176 2235 1253 2297 illud
1276 2231 1385 2296 aecidat

277 2346 360 2428 quod
383 2368 399 2408 e
422 2346 523 2409 tribus
552 2368 657 2409 rerurn
687 2345 896 2429 scriptoribus
925 2345 1168 2428 cognominibus
1195 2366 1275 2407 nnus
1295 2342 1387 2406 dictu

254 2443 258 2453 ’
277 2457 296 2519 ὁ
313 2456 495 2535 νεώτεροεῖ
522 2455 589 2530 Quo
605 2456 739 2538 aceedit,
764 2455 847 2538 quod
863 2476 970 2518 eorum
992 2476 1073 2538 quae
1088 2475 1106 2517 a
1122 2453 1220 2518 Suida
1240 2454 1388 2517 narrantur

278 2586 376 2646 prope
405 2565 531 2628 modurn
562 2566 704 2629 oninium
732 2564 813 2648 apud
844 2565 981 2648 reliquos
1015 2563 1217 2647 antiquitatis
1243 2564 1388 2646 scriptores

277 2674 399 2735 nullum
423 2679 543 2737 eertum
571 2675 742 2758 vestigium
764 2678 869 2737 exstat
896 2678 1024 2757 praeter
1046 2673 1226 2756 Marsyae
1252 2669 1388 2736 maioris

278 2784 480 2848 Μακεδονικά
487 2834 496 2865 ,
520 2783 575 2847 sed
598 2785 710 2868 quibus
738 2783 914 2848 certissima
942 2783 1097 2848 accedant
1123 2783 1222 2846 etiam
1248 2779 1389 2845 minoris

277 2893 456 2977 Marsyae
480 2896 710 2959 Μακεδονικῶν
733 2895 928 2957 testimonia.
959 2894 1027 2968 Qua
1041 2915 1076 2956 re
1095 2915 1167 2957 eum
1188 2893 1293 2977 magis
1314 2891 1389 2953 etiam

276 2989 424 3084 suspecta
445 3003 596 3066 reddatur
618 3005 706 3066 tertii
729 3004 861 3067 alieuius
884 3004 1035 3084 societaS,
1064 3007 1132 3066 tuni
1155 3002 1312 3066 dubitatio
1331 3000 1390 3062 haer

276 3112 387 3192 oritur,
411 3134 486 3174 nuru
510 3113 640 3178 Suidanr
663 3113 729 3176 veri
756 3113 834 3176 satis
862 3113 905 3176 sit
927 3113 1030 3176 simile
1052 3112 1145 3176 unius
1167 3116 1296 3175 tantum
1316 3109 1390 3189 scrip

276 3222 354 3284 toris
384 3221 591 3286 Macedonica
626 3228 942 3286 commemoraturum
975 3223 1083 3286 fuisse.
1134 3221 1259 3285 Horum
1295 3215 1391 3302 aliquid

276 3331 411 3393 sensisse
424 3331 580 3414 Valesius,
606 3334 676 3415 plus
700 3332 823 3395 videtur
837 3332 878 3394 W
880 3332 1084 3416 esselingius:
1107 3353 1240 3415 quorum
1259 3333 1310 3395 ille
1325 3329 1391 3391 ‘duo’

276 3441 381 3523 iuquit
404 3442 567 3524 ‘lllarsyae
590 3443 694 3523 luere,
719 3442 800 3504 alter
823 3441 990 3504 Periandri
1016 3441 1100 3504 filius
1121 3441 1281 3524 Pellaeus
1306 3491 1313 3504 .
1335 3489 1341 3502 .
1361 3483 1391 3499 .-

277 3551 358 3613 alter
381 3550 478 3612 Marsi
501 3551 614 3633 filius,
645 3572 737 3633 quern
765 3550 891 3632 quidem
920 3552 1079 3631 Ταβιηνόν
1108 3572 1175 3613 esse
1204 3573 1263 3633 pro
1284 3549 1392 3613 Tabana

277 3659 345 3721 vult
360 3659 427 3723 he.
445 3663 556 3723 natunr
572 3659 681 3722 'l'abiis
704 3660 738 3722 in
755 3659 900 3742 Galatia3
922 3659 975 3723 hie
997 3683 1071 3723 vero
1094 3661 1179 3723 ‘duo'
1205 3662 1252 3724 ait
1275 3660 1392 3722 ‘luerint

276 3769 422 3852 Marsyae
451 3791 555 3832 rerurn
583 3769 862 3832 hlaoedoniearunr
890 3770 1076 3852 scriptoresr,
1110 3770 1192 3833 alter
1225 3770 1316 3833 domo
1340 3763 1392 3829 Pel·

277 3878 362 3941 laeus
381 3879 548 3942 Periandri
562 3879 598 3961 f.,
623 3880 704 3941 alter
719 3879 936 3962 Philippensis
953 3879 1150 3962 Orilopbemi
1173 3880 1224 3962 l.’,
1249 3900 1336 3963 quem
1349 3876 1392 3938 τόν

276 4151 393 4217 ξάνδρου
415 4150 474 4202 sine
492 4148 608 4203 articulo
634 4148 828 4218 comperimus,
851 4148 969 4204 alterum
993 4148 1027 4204 de
1048 4146 1222 4219 Philippensi
1246 4141 1393 4216 Crilopbem}

277 4245 293 4294 l'.
314 4241 463 4309 eupitulurn
484 4260 500 4295 a
518 4242 653 4296 Vos-siano
673 4243 765 4296 codiee
784 4260 896 4311 prorsus
916 4244 1026 4306 abesse,
1049 4243 1077 4296 in
1099 4245 1183 4296 tertio
1203 4244 1319 4297 eundem
1337 4236 1393 4291 eodi-

276 4351 335 4386 seru
354 4332 388 4402 ιη’
406 4353 455 4403 pro
475 4331 507 4399 ιβ’
525 4336 659 4404 praebere
678 4336 828 4402 duumuir]
