2990 5140
281 339 341 402 170
578 353 827 402 ceronnasrvn
850 354 1116 403 nrsrvrrrrours

278 507 383 570 haesit
412 506 445 570 in
475 508 535 588 eia,
565 529 645 590 quae
668 511 780 589 suapte
803 511 918 569 natura
941 511 1016 570 sunt
1040 507 1175 570 leviora:
1202 508 1314 572 misere
1344 531 1409 592 per·

278 639 370 680 versa
391 616 447 679 illa
469 617 611 700 queritur
633 629 660 680 ct
682 625 788 681 ceteris
803 623 935 680 omnibus
957 623 1128 682 auctoribus
1148 624 1241 682 eloris
1255 639 1272 680 e
1288 621 1410 702 graecis

278 726 365 790 hisce
393 729 442 790 καὶ
471 728 590 805 ἑτέρων
619 727 796 805 ἐλλογίμων
827 727 972 805 ἀνδρῶνι
1007 727 1045 790 de
1073 727 1185 810 quibus
1212 731 1320 791 tamen
1348 751 1409 792 non

278 858 342 900 una
363 837 401 900 de
418 859 529 900 caussa
552 857 680 919 prorsus
702 858 820 918 anceps
843 836 1004 899 iudicium.
1034 836 1078 899 Et
1099 839 1224 919 tamen,
1247 838 1410 920 quominus

227 959 259 1007 54
278 947 381 1030 ipsum
402 947 526 1010 fontem
547 945 640 1009 latini
664 945 776 1008 scholii
798 945 876 1008 illud
896 946 1113 1029 fragmentum
1129 945 1310 1010 Parisinum
1330 947 1411 1010 dica·

276 1079 362 1138 mue,
387 1058 434 1119 vel
457 1057 517 1118 hoc
546 1055 694 1138 impedit,
719 1055 801 1138 qnod
823 1054 903 1117 nihil
925 1059 974 1117 est
995 1055 1030 1118 in
1050 1056 1174 1140 graecis
1196 1077 1315 1138 eorum,
1338 1079 1413 1135 qaue

278 1174 368 1229 aliter
394 1177 528 1242 eupator
552 1171 731 1229 Heliodorus
758 1172 905 1243 louqoquc
926 1171 1057 1229 conuitio
1080 1171 1184 1236 Coetus
1209 1172 1412 1245 reprehendit.

277 1275 359 1348 Quid
381 1275 481 1357 igitur
496 1274 779 1338 Schneidewinns‘?
822 1275 850 1337 E
872 1275 1082 1358 grammatico
1104 1275 1250 1338 Parisino
1273 1275 1414 1338 hausisse

277 1384 441 1464 'lacteam
466 1384 558 1447 huius
574 1387 678 1446 autem
694 1407 779 1446 nunc
802 1382 1000 1466 deperditam
1020 1385 1238 1448 narrationem
1259 1405 1326 1448 non
1350 1387 1415 1448 sine

277 1495 510 1559 accessionibus
538 1481 725 1576 quibusdam
751 1493 851 1555 latine
880 1493 1036 1556 redditam
1068 1494 1104 1556 in
1131 1493 1278 1557 Romano
1310 1495 1415 1560 codice

277 1606 323 1668 ait
337 1627 368 1688 p.
386 1605 459 1669 954.
494 1603 562 1676 Quo
578 1603 685 1666 nescio
701 1625 744 1665 an
758 1602 840 1665 nihil
855 1604 1031 1686 excogitari
1047 1604 1186 1686 potuerit
1200 1605 1413 1667 artificiosius.

277 1714 381 1788 Quid?
411 1713 493 1796 quod
522 1713 600 1775 adeo
628 1712 713 1774 laudi
741 1713 866 1776 ducitur
893 1712 1040 1776 Parisino
1072 1713 1300 1796 grammatico,
1334 1715 1414 1797 quod

276 1823 417 1886 diversos
447 1843 514 1884 esse
537 1844 556 1883 a
578 1821 785 1884 Pisistrateae
812 1823 927 1885 aetatis
955 1823 1072 1886 criticis
1095 1822 1283 1886 Aristarcho
1307 1828 1339 1886 et
1363 1823 1414 1886 Ze

277 1931 394 1995 nodoto
437 1931 640 1993 halucinatur
677 1931 873 1994 Zenodotum
913 1937 945 1994 et
983 1931 1204 1995 Aristarchum
1240 1932 1414 1996 Ptolemaei

277 2041 434 2124 aequales,
466 2040 550 2102 Nam
571 2040 631 2103 hoc
653 2040 774 2123 potius,
799 2063 894 2125 quam
915 2063 996 2124 quae
1012 2042 1096 2105 dicta
1112 2043 1188 2104 sunt
1202 2065 1234 2124 p.
1251 2042 1316 2107 955
1331 2044 1412 2121 init..

277 2156 332 2214 aut
354 2151 453 2213 voluit
475 2149 580 2212 dicere
603 2153 659 2212 aut
680 2149 789 2212 debuit
805 2150 1074 2213 Schneidewinua
1106 2150 1233 2224 Quanto
1256 2157 1413 2215 autemst

277 2261 452 2343 simplicior
475 2264 506 2322 et
529 2259 600 2322 aliis
623 2281 746 2342 quoque
768 2259 807 2322 de
831 2260 950 2324 caussis
972 2259 1167 2342 probabilior
1189 2281 1226 2322 ea
1250 2261 1334 2324 ratio
1356 2265 1411 2338 ast,

276 2393 370 2453 qnam
393 2392 488 2452 supra
513 2369 800 2433 commendavimus
824 2392 854 2452 p.
875 2371 911 2434 17
937 2367 1009 2455 [137
1033 2369 1118 2457 sq.]‘?
1154 2369 1321 2434 Postremo
1341 2371 1412 2433 nolo
1492 2347 1493 2354 ἵ

276 2481 311 2543 in
326 2501 363 2542 eo
378 2479 513 2560 morari,
538 2479 620 2562 quod
643 2500 699 2560 pro
716 2485 910 2559 offertissimo
930 2500 1038 2562 regem
1058 2479 1150 2542 nobis
1172 2479 1300 2542 effinxit
1319 2487 1411 2560 pado
1493 2506 1494 2509 ¹

276 2594 377 2667 sophis
392 2596 627 2667 apertissimum:
649 2589 805 2672 gravioris
826 2589 978 2652 momenti
1001 2589 1062 2652 dno
1084 2592 1223 2668 restant,
1248 2589 1411 2672 dequibus

276 2697 392 2778 nimia,
422 2701 458 2759 ut
480 2698 571 2759 nohis
594 2697 732 2778 videtur,
764 2698 957 2761 confidentia
980 2697 1240 2762 Schneidewinus
1262 2698 1408 2761 decrevit.

277 2805 415 2881 Quorum
438 2806 572 2868 alterum
601 2807 740 2888 pertinet
770 2808 810 2870 ad
834 2812 988 2885 ευμμιγεῑε
1013 2809 1140 2889 βίβλου(
1163 2811 1258 2890 atque
1281 2808 1408 2884 ἀμιγεῐιι

277 2916 315 2978 de
338 2915 450 2998 quibus
474 2916 557 2998 quod
579 2939 674 2999 snpra
697 2917 867 3000 disputatis
890 2917 1006 2980 addam
1021 2938 1087 2980 non
1109 2916 1212 2979 habeo
1235 2924 1407 2998 propterea.

277 3025 359 3107 quod
381 3025 416 3088 in
439 3047 474 3087 co
498 3025 695 3089 adversarius
719 3048 749 3108 p.
775 3027 836 3090 952
859 3027 1033 3110 acquievit,
1062 3029 1097 3088 ut
1121 3025 1307 3108 planissime
1329 3046 1408 3088 nunc

277 3154 431 3215 apparere
454 3140 582 3197 nostrae
610 3135 885 3218 interpretationis
908 3135 1084 3198 vanitatem
1107 3139 1313 3198 asseveraret.
1357 3133 1408 3195 Al-

276 3247 378 3304 terum
401 3243 461 3306 hoc
484 3248 547 3325 est,
572 3245 654 3327 qual
670 3248 869 3324 διορθώεεωε
886 3245 1032 3325 notione,
1057 3266 1151 3327 quam
1174 3244 1259 3306 solus
1281 3263 1407 3326 graecus

277 3355 387 3414 auctor
422 3356 573 3434 testatur,
613 3353 690 3415 adeo
729 3357 863 3416 conlisus
901 3357 963 3434 cst,
1003 3358 1038 3415 ut
1074 3375 1133 3416 nee
1169 3352 1207 3414 de
1239 3351 1407 3414 Alexandri

278 3460 555 3544 Lycophronisque
578 3463 763 3525 recensione
785 3463 1022 3546 tragoediarum
1047 3461 1340 3543 comoediarumque
1362 3460 1407 3520 rel

276 3569 443 3632 minimum
471 3570 646 3652 dubitaret,
677 3573 731 3634 secl
761 3572 856 3634 etiarn
885 3571 1038 3634 Zenodoti
1066 3592 1195 3654 operam
1223 3591 1347 3632 onmem
1378 3567 1407 3629 in

278 3678 453 3740 emendatis
490 3679 598 3742 Iliadis
644 3684 675 3742 et
712 3681 873 3762 Odysseae
910 3681 1200 3762 Hesiodeorrnnquc
1238 3679 1406 3742 carminum

278 3787 430 3869 exenrplis
458 3794 590 3868 poneret
617 3811 648 3870 p.
674 3791 746 3852 960.
793 3791 851 3852 tui
873 3791 1051 3852 sententiae
1074 3810 1136 3872 quo
1157 3791 1251 3850 modo
1274 3786 1407 3850 firmissi-

277 3918 363 3958 numr
386 3897 578 3978 praesidinm
601 3899 750 3961 accedere
774 3921 790 3962 e
814 3899 1066 3962 commemoratis
1088 3899 1122 3961 in
1146 3898 1210 3960 fine
1233 3895 1405 3978 Porphyrii.

277 4005 441 4068 Plutarchi
465 4011 497 4068 et
520 4006 623 4070 Procli
647 4009 828 4070 nominibus
851 4009 911 4070 sibi
935 4008 1143 4090 persuaserit,
1173 4006 1315 4069 nondum
1336 4004 1405 4066 satis

228 4133 260 4177 55
278 4117 366 4196 potui
383 4117 572 4198 perspicere.
590 4156 632 4164 —
647 4117 755 4180 Vnum
772 4119 879 4200 probo,
898 4141 916 4180 a
932 4140 981 4180 rue
997 4118 1122 4201 quidem
1138 4115 1405 4198 praetermissum:

278 4223 360 4305 quod
383 4225 437 4287 illa
460 4248 599 4308 quoque,
624 4249 704 4308 (pirae
728 4227 761 4288 in
780 4225 915 4288 Bekkeri
933 4228 1054 4289 Anccd.
1072 4250 1102 4308 p.
1122 4227 1180 4289 tlt
1198 4225 1236 4287 de
1253 4223 1404 4288 comoedia

278 4338 449 4396 narrantur
472 4335 632 4396 simillima
655 4335 829 4418 fragmenti
850 4336 987 4398 Parisini
1011 4336 1118 4417 initio,
1144 4334 1183 4396 ad
1206 4332 1404 4396 Heliodorum
