3052 5136
491 365 651 414 sermons
675 367 846 415 carneas.
1179 353 1240 416 733

110 521 364 604 antistrophicam
380 521 632 585 concinnitatem
655 522 786 605 proclivi
804 522 986 586 coniectura
1009 521 1148 585 restituit
1164 521 1239 586 Wa-
1258 537 1290 586 so

110 632 262 696 kelieldius
285 633 319 696 iu
342 632 426 696 hunc
449 633 592 696 modum:

250 788 324 867 πρὶν
347 788 442 851 τάνδε
465 787 538 852 ποτὶ
561 786 656 852 πόλιν
679 787 814 864 άνύεειε,

111 939 155 1003 cui
176 939 274 1002 versui
298 943 447 1002 accurate
469 939 640 1022 respondet
663 961 692 1004 v.
716 941 794 1004 649:

251 1077 373 1157 χρόνον
396 1077 551 1154 πελάγιον
573 1075 671 1156 ἴδριες
693 1076 803 1142 οὐδέν.

110 1229 201 1302 Quam
230 1229 270 1291 ob
300 1251 366 1294 rem
395 1228 509 1293 merito
540 1227 742 1292 Wakefieldii
771 1228 964 1292 senteutiam
1001 1229 1149 1312 probavit
1182 1231 1239 1293 nr-

108 1337 250 1422 fnrdtins‚
286 1343 381 1423 atque
411 1339 570 1403 immerito
598 1342 632 1402 ut
656 1338 780 1402 videtur
802 1339 933 1424 vulgare
956 1339 1114 1404 scribendi
1137 1362 1239 1425 genus

109 1449 204 1510 tenuit
231 1449 453 1514 Hermannus:
491 1447 747 1534 qrrandoquidem
774 1449 809 1512 in
837 1449 982 1512 iambicis
1010 1450 1152 1513 versibus
1181 1451 1236 1533 eis,

107 1557 156 1640 qui
187 1558 291 1642 lyricis
324 1559 543 1623 immiscentur
577 1559 786 1641 carminibus,
823 1559 871 1622 vel
906 1560 1074 1643 exirequari
1107 1560 1238 1642 syllabis

107 1667 240 1750 syllabae
262 1670 367 1733 solent
389 1670 438 1733 vel
468 1670 501 1733 iu
524 1672 656 1754 utroque
685 1673 770 1732 certe
800 1691 889 1732 versu
913 1670 1028 1732 solutio
1051 1692 1134 1752 csse,
1164 1669 1238 1733 lieet

107 1777 231 1841 diversis
253 1780 387 1863 pedibus
411 1779 564 1842 adhibita.
597 1780 751 1854 Quocirca
774 1779 904 1843 memini
928 1781 1024 1842 etium
1048 1779 1082 1843 iu
1098 1781 1238 1864 Aeschy-

107 1885 162 1948 leis
182 1888 243 1952 illis
267 1889 448 1954 Promethei
472 1913 501 1953 v.
529 1891 603 1954 183:

248 2003 326 2123 ἑρά(
347 2046 382 2108 δὲ
404 2044 527 2125 φρένα(
549 2045 667 2122 eaesae
690 2045 838 2125 διάτοροτ
861 2045 966 2126 φόβοε
987 2081 1029 2092 -
1100 2111 1106 2122 ,

103 2193 214 2271 coeam
244 2195 396 2278 tonnam,
427 2197 485 2260 etsi
515 2196 609 2260 nnius
631 2195 771 2259 Turnebi
802 2197 954 2276 ambigua
982 2197 1042 2258 lide
1066 2197 1236 2278 linnatam,

103 2323 121 2363 a
149 2303 288 2390 lteisigio
319 2304 403 2392 [cnm
431 2306 584 2370 Elmsleio
613 2305 884 2394 Blomlieldimpwl
917 2307 1125 2389 comprobari.
1177 2307 1236 2370 sou

102 2415 173 2478 nori
193 2415 269 2478 illud
292 2416 387 2480 latuit
410 2417 511 2480 adhuc
534 2417 567 2481 in
592 2417 661 2479 loco
677 2415 813 2500 (prodam
830 2417 966 2478 Aiacis
990 2415 1235 2498 Soplrocliae.

103 2522 199 2588 Versu
228 2526 313 2590 enim
339 2527 399 2590 194
421 2549 467 2611 sq.
499 2526 660 2610 patienter
688 2527 830 2590 tulerunt
853 2525 988 2590 editores
1011 2548 1121 2590 omnes
1144 2527 1237 2590 libro·

102 2655 167 2698 rum
189 2659 262 2700 mss.
287 2637 487 2700 memoriam:

248 2791 323 2856 ἀλλ’
346 2791 409 2857 ἄνα
430 2793 463 2858 ἐξ
485 2791 643 2874 ἑδράνων,
667 2791 753 2857 ὅπου
775 2791 950 2871 μοκραίωνι

248 2903 379 2982 ετηρίζει
401 2905 481 2968 ποτὲ
503 2899 573 2984 τᾷδ’
597 2903 727 2987 ἀγωνίῳ
751 2907 860 2984 (χολᾲ.

102 3049 160 3116 Vbi
188 3057 268 3120 ποτὲ
305 3055 493 3138 particulam
532 3053 607 3140 luna
639 3077 710 3118 cum
738 3057 813 3136 τᾷδ’
842 3053 984 3139 ἀγωνίῳ]
1021 3054 1237 3136 praetermisit

101 3163 210 3226 Suidas
232 3187 263 3228 v.
287 3167 434 3244 ἑδράνων
458 3165 518 3230 νο].
543 3165 558 3228 Ι
580 3188 613 3248 p.
629 3165 690 3228 681
717 3162 833 3250 [Kust.‚
859 3164 889 3246 l,
913 3165 933 3227 2
956 3186 987 3247 ρ.
1011 3165 1066 3228 108
1090 3163 1235 3253 Βοττὼ.],

101 3295 188 3354 quern
212 3297 283 3338 cnm
306 3274 481 3339 Lobeclnus
504 3277 550 3338 ait
578 3275 702 3358 plenius
731 3275 789 3338 hos
812 3297 920 3338 versus
948 3275 1090 3356 proferre
1116 3275 1151 3338 in
1174 3277 1237 3341 ἄνα

100 3386 130 3444 et
150 3386 329 3468 μακραίων,
360 3387 552 3469 nescioquo
580 3408 653 3448 usus
682 3385 724 3448 sit
747 3385 862 3449 Suiclue
890 3385 1044 3468 exemplo.
1091 3385 1235 3449 Praeter·

99 3493 182 3557 misit
209 3499 317 3560 autem
345 3499 425 3562 ττοτέ
454 3497 550 3559 etiam
583 3498 716 3578 uterque
748 3494 919 3558 scholiasta
947 3494 981 3558 in
1010 3495 1234 3578 explicatione,

99 3625 172 3684 quos
207 3605 324 3670 imitati
358 3609 434 3670 sunt
461 3627 499 3670 ca
526 3606 560 3669 in
588 3627 622 3669 re
656 3606 849 3669 recentiores
883 3605 1075 3687 interpretes
1109 3609 1236 3688 practer

100 3709 318 3780 Hermammm
350 3738 470 3780 omnes.
523 3717 582 3791 (lui
613 3717 673 3780 etsi
701 3717 820 3798 optime
848 3714 1008 3798 expedivit
1041 3716 1235 3778 sententiam

100 3825 262 3890 verbomm
285 3827 425 3905 triduo(
452 3828 566 3911 (χολή,
596 3831 705 3891 tamen
734 3848 805 3890 cum
834 3825 944 3890 eadem
972 3826 1235 3890 adnotatiuncula

101 3931 217 4020 ‘iunge’
248 3936 352 4020 iuquit
379 3937 477 4002 ‘dnos
505 3939 604 4014 ποτέ,
637 3943 813 4016 arecumque
839 3943 984 4018 tetradem,
1014 3935 1084 3998 falli
1111 3935 1236 4000 videtur

100 4039 178 4108 haud
211 4046 422 4111 mediocriter.
472 4047 523 4111 Itu
550 4046 635 4110 euim
664 4047 690 4111 si
721 4049 902 4131 loquentem
929 4046 1063 4110 facimus
1093 4045 1233 4128 chanun,

100 4155 299 4221 statuendum
332 4157 378 4221 sic
406 4161 470 4242 est,
505 4158 655 4242 ignorare
684 4181 755 4222 cnm
784 4157 914 4221 onnriuo
943 4157 995 4218 ubi
1024 4159 1235 4218 commoretur

102 4263 188 4329 Aiax.
236 4268 281 4330 At
308 4290 383 4331 vero
411 4289 476 4331 nun
500 4269 665 4350 ignorasse
688 4273 832 4351 apertum
856 4272 913 4331 est.
960 4267 1023 4332 Cur
1046 4267 1146 4345 enim,
1179 4268 1234 4328 ob·

101 4393 199 4456 scen),
229 4377 267 4438 ad
298 4379 405 4441 Aiacis
433 4379 674 4442 talernaculum
703 4387 772 4442 enm
808 4382 901 4462 putas
929 4379 1100 4442 accessisse
1128 4379 1233 4460 ibique
