2954 5134
348 336 609 386 oacnonoorvn
633 337 915 388 vinnonoaansa.
1132 324 1196 389 573

148 487 231 553 Haec
257 489 356 574 igitur
388 492 691 572 ἀποφθέγματα,
725 495 896 572 γνῶμαι,
930 493 1195 572 παραινέςεις,

75 599 177 678 ὅμοια
202 601 362 684 quaeritur
387 623 466 665 num
494 605 644 685 excerpta
673 601 773 666 videri
801 623 839 666 ex
868 601 1027 666 Orionis
1050 601 1196 666 hutho

75 709 170 794 logio
189 711 321 794 possint.
358 713 466 795 Atque
487 710 566 774 illud
589 715 674 776 certe
697 732 791 776 nemo
813 711 941 794 obiciet,
963 711 1046 796 quod
1069 715 1196 796 praeter

74 819 214 884 rationem
235 823 418 905 φιλόςοφος
445 825 578 886 vocatur
600 821 692 906 Orio,
716 822 861 906 idemque
883 824 967 907 quod
988 822 1057 905 ipse
1080 823 1196 904 εἰρηκέ·

74 951 119 995 ναι
143 929 269 1014 dicitur,
304 952 401 1016 quae,
439 931 493 1016 qui
521 933 600 998 haec
628 931 903 1018 apophthegmata
932 931 1196 998 vindobonensia

75 1042 243 1125 conposuit,
266 1040 302 1106 iu
324 1041 406 1107 libro
428 1041 558 1108 Orionis
580 1043 710 1108 nomine
732 1043 887 1127 inscripto
908 1043 1096 1126 reppererit.
1127 1041 1196 1108 Nec

74 1149 131 1214 lere
155 1151 274 1235 pondus
297 1152 346 1216 illi
369 1153 572 1218 coniecturae
594 1153 746 1218 accedere
767 1153 926 1238 quispiam
948 1173 987 1217 ex
1008 1175 1045 1218 eo
1068 1157 1193 1238 arguat,

73 1260 143 1344 quod
163 1284 257 1326 unum
272 1263 432 1348 quoddam
447 1263 604 1328 editorum
619 1287 639 1329 a
654 1252 746 1329 nobis
761 1262 1069 1350 apophthegmatum
1083 1285 1197 1348 reapse

73 1375 163 1436 exstat
183 1373 265 1457 apud
288 1396 398 1439 verum
421 1379 454 1438 et
476 1373 691 1440 indubitatum
715 1373 868 1440 Orionem
889 1373 941 1439 tit.
965 1372 991 1458 1,
1007 1373 1066 1438 26:
1089 1375 1196 1440 ἃποι-

72 1483 112 1547 εῐν
132 1483 271 1564 nepos,
300 1487 378 1566 μηδὲ
405 1486 513 1564 νόμιζε
536 1486 651 1564 λέγειν.
695 1483 765 1548 Nec
787 1483 930 1568 impedit,
954 1481 1123 1568 quominus
1145 1484 1194 1548 iu-

72 1589 163 1656 didem
183 1595 284 1676 petita
307 1595 429 1680 reliqna
451 1599 617 1680 putemus,
647 1595 838 1678 scriptorum
867 1599 957 1658 aetas
979 1595 1029 1658 vel
1051 1594 1195 1660 nomina·

71 1701 119 1766 tim
142 1704 189 1768 vel
217 1705 319 1770 tacito
347 1706 477 1771 nomine
503 1709 744 1790 usurpatorum,
779 1703 993 1790 Protagorae,
1027 1703 1194 1789 Diogenis,

71 1809 201 1898 Sesami,
225 1815 436 1900 Antiphanis,
461 1815 565 1900 Sexti,
588 1814 751 1899 Platonis,
775 1815 941 1898 Isocratis,
971 1814 1196 1880 Menandrist

72 1927 245 2009 ceterorum,
277 1947 357 2010 quos
393 1926 428 1991 in
455 1927 663 1991 adnotatione
691 1925 947 1990 memoravimus.
997 1923 1082 1990 Nam
1113 1924 1196 2009 quod

71 2030 134 2098 Nilo
154 2035 301 2121 episcopo
323 2059 387 2101 una
410 2037 572 2101 sententia
594 2037 628 2100 in
644 2035 778 2101 Maximi
801 2039 834 2098 et
851 2034 987 2100 Antonii
1009 2035 1089 2100 locis
1113 2057 1196 2100 com-

71 2145 201 2210 muuibus
228 2146 398 2230 tribuitur,
432 2169 499 2212 non
526 2147 597 2232 plus
627 2146 714 2211 valet
740 2167 835 2230 quam
863 2145 947 2230 qnod
974 2145 1009 2210 in
1036 2145 1107 2228 ipsa
1128 2144 1196 2208 Nili

71 2257 274 2334 ποροινέςςιυν
299 2257 487 2322 collectione
511 2257 613 2322 altera
635 2257 792 2342 quaedam
814 2259 934 2320 exstat:
967 2277 1048 2340 quae
1070 2255 1197 2338 quidem

72 2383 131 2428 cum
149 2366 220 2432 aliis
241 2367 277 2432 in
300 2366 368 2432 Nili
390 2368 537 2453 syllogen
565 2389 696 2432 manare
725 2387 763 2430 ex
793 2365 1026 2450 antiquioribus
1053 2365 1196 2430 fontibus

70 2475 169 2554 potuit.
217 2477 340 2542 Verrun
378 2478 528 2562 graviora
566 2499 644 2543 sanc
680 2479 873 2562 argumenta
905 2479 1044 2558 restant,
1083 2475 1196 2560 quibus

70 2583 149 2648 valde
176 2587 405 2672 labefactetur,
445 2610 541 2673 quam
575 2585 717 2652 nondum
750 2586 888 2671 cognitis
921 2585 1083 2650 Lambecii
1122 2607 1197 2669 apo-

70 2693 273 2782 phthegmatis
289 2698 367 2762 olim
388 2698 608 2783 proposuimus
632 2697 858 2762 coniecturam.
889 2696 974 2760 Nam
989 2696 1127 2780 primum
1149 2695 1196 2760 in·

69 2801 144 2870 doles
163 2808 364 2892 quarundam
386 2809 619 2874 sententiarum
640 2810 676 2874 in
698 2807 898 2874 Christianos
923 2805 1029 2890 potius
1052 2805 1196 2870 homiues

69 2913 179 2980 ridetur
200 2919 385 3002 convenire,
408 2919 496 2984 velut
516 2918 647 2984 harum:
679 2921 738 2986 τὸν
761 2917 992 2998 εὐεργετοῦντά
1014 2937 1047 2982 cs
1069 2916 1114 2982 sic
1135 2939 1196 2998 ψυ-

69 3025 120 3104 χὴν
150 3028 193 3094 ῦς
227 3030 391 3110 ὑπηρέτην
425 3034 502 3097 θεοῦ
535 3031 613 3109 μετὰ
647 3031 723 3096 θεὸν
751 3030 836 3110 siun:
873 3028 976 3108 ἀρχὴν
1004 3027 1196 3108 notandam

70 3135 163 3215 λαβὼν
184 3140 353 3222 πρόκοπτε
375 3146 414 3225 τῇ
436 3143 495 3206 τοῦ
516 3143 593 3206 θεοῦ
610 3141 738 3226 Ιβουλῇς
777 3137 937 3204 ἀδύνατόν
967 3139 1030 3204 sca
1058 3139 1116 3204 τὸν
1139 3137 1194 3218 ὀρ-

68 3247 123 3310 θιῦς
148 3253 279 3328 βιοῦντα
307 3299 374 3315 ...
401 3251 582 3330 περιπεςεῑν
611 3250 795 3328 πταίςμοςιν
821 3247 970 3330 οἰςχῦνης
999 3268 1026 3312 e.
1050 3270 1081 3331 q.
1106 3269 1131 3312 s.
1164 3250 1197 3310 et

71 3353 163 3438 ὥςπερ
189 3362 223 3425 δὲ
253 3361 377 3441 trulla}
406 3409 472 3434 ...
501 3361 589 3427 οὕτω
622 3361 671 3424 rol
697 3359 718 3438 ἡ
747 3358 882 3440 ἁμαρτία
909 3358 1048 3438 μένουςα
1081 3357 1117 3425 ἐν
1150 3363 1196 3442 τῷ

69 3469 218 3547 ιιοιήςοντι
239 3471 352 3550 αὐτήν.
389 3469 451 3534 Sed
472 3474 582 3536 tamen
604 3472 641 3533 nt
663 3467 834 3534 eiusmodi
856 3467 1013 3552 quaedam
1034 3467 1197 3550 potuerint

70 3575 221 3644 admisceri
243 3602 313 3645 non
329 3602 368 3645 ex
384 3580 502 3646 Orione
525 3585 670 3664 sumpta:
694 3579 791 3644 etiam
809 3577 958 3644 universa
979 3577 1063 3644 ratio
1085 3576 1197 3642 horum

69 3689 368 3776 apophthegmatum
393 3691 510 3756 mirum
538 3693 695 3774 quantum
722 3689 763 3754 ab
790 3688 919 3754 Orionis
954 3688 1102 3754 instituto
1135 3688 1196 3752 dis·

70 3803 176 3880 crepat.
207 3799 396 3866 Vberrlmus
418 3801 472 3866 ille
495 3806 545 3866 est
565 3803 733 3886 poetarum
748 3799 854 3883 dictis,
877 3801 910 3863 et
932 3819 1041 3864 eorum
1057 3798 1195 3884 quidem,

70 3903 225 3992 inquibus
253 3911 312 3977 flos
341 3915 375 3976 et
401 3911 498 3977 robur
521 3910 600 3976 artis
622 3913 655 3975 et
677 3911 856 3976 litterarum
878 3931 1067 3996 graecarum
1095 3908 1196 3974 consi·

70 4017 131 4082 stit:
164 4021 248 4087 idem
271 4021 476 4107 parcissimus
498 4021 732 4088 sententiarum
754 4043 774 4086 a
795 4019 993 4106 philosophis
1014 4018 1196 4104 suppedita-

69 4126 171 4194 tanun.
215 4131 337 4198 Contra
360 4132 410 4196 his
432 4132 511 4216 ipsis
534 4132 631 4218 longe
653 4131 793 4198 maxima
815 4153 890 4217 pars
912 4130 1054 4214 syllegae
1078 4128 1196 4194 Vindo
1216 4147 1246 4200 tx

69 4233 206 4306 mucosis
234 4247 379 4327 constat,
413 4242 613 4327 paucissimis
643 4242 798 4308 immixtis
825 4240 989 4306 versiculis
1018 4244 1194 4324 poetarum.

69 4345 121 4430 At,
149 4351 266 4438 inquit,
302 4355 362 4418 hoc
392 4353 460 4438 ipse
489 4353 558 4436 egit
584 4353 773 4440 quicumque
802 4351 975 4434 excerpsit,
1010 4355 1046 4415 ut
1069 4351 1193 4416 omissis
