2942 5134
350 385 386 434 ru
408 385 581 436 AESOHYLI
603 383 854 434 rnonnrnsvu.
1113 365 1174 432 381

53 539 122 603 satis
144 544 215 623 apte
230 561 323 604 versu
338 541 400 604 372
423 541 525 603 oratio
548 538 723 603 insistitur:
745 538 943 602 desideratur
958 537 1044 601 enirn
1067 537 1174 600 cohor-

52 651 123 713 tatio
143 649 312 734 quaedam,
348 650 435 714 cuius
462 649 588 732 quidem
612 671 723 713 caussa
747 649 914 732 protulerit
935 648 989 712 ille
1010 647 1122 711 fratris
1144 651 1177 710 et

53 759 202 842 Typhonis
225 759 380 843 exempla.
426 757 544 834 Quodsi
567 779 614 841 ea,
639 781 720 843 quae
740 757 940 822 intercidisse
963 761 1038 821 ante
1060 780 1090 820 v.
1114 759 1176 822 373

53 869 197 952 ridentur,
220 869 308 933 volut
329 869 371 932 ab
392 869 443 932 h'n
465 869 658 952 inciperent:

240 1008 283 1070 co
305 1007 339 1070 δ’
360 1005 431 1069 οὖν
453 1043 492 1052 -—

53 1139 189 1222 proclivis
211 1144 282 1204 erat
303 1140 343 1202 ad
366 1140 463 1203 verba
486 1143 522 1206 cir
545 1142 579 1204 δ’
601 1141 659 1206 οὐκ
682 1159 709 1202 e.
733 1161 764 1224 q.
788 1161 813 1202 s.
838 1138 1008 1203 aberratio,

88 1335 90 1340 ³
127 1251 210 1313 Ante
238 1271 268 1313 ν.
292 1250 354 1314 383
382 1271 489 1313 rursus
518 1249 717 1314 intercidisse
740 1271 838 1312 unum
860 1270 985 1312 versum
998 1297 1006 1330 ,
1041 1269 1102 1332 quo
1131 1247 1178 1312 sic

53 1357 110 1422 lere
136 1359 263 1424 Oceano
291 1363 418 1442 poterat
444 1359 645 1442 responderi:
681 1360 766 1440 ‘Opdr
788 1397 846 1442 -,
875 1358 967 1422 docet
995 1358 1177 1422 intermissa

54 1472 237 1549 rnxopotlioc
260 1469 452 1534 constantia.

126 1577 164 1643 V.
186 1580 250 1644 426
283 1601 351 1664 sqq.
395 1577 610 1643 Fundamenti
643 1578 712 1642 loco
746 1577 928 1642 habendum
961 1579 1177 1655 ὑποπτενάζει,

55 1711 115 1751 cum
134 1693 264 1772 propter
286 1689 509 1754 auctoritatem
531 1689 699 1771 librorum,
729 1692 797 1751 tum
824 1688 908 1772 quod
930 1689 969 1752 de
993 1711 1086 1772 prosa
1109 1711 1177 1752 ora-

53 1798 129 1861 tione
149 1799 285 1882 petitum
308 1801 356 1863 est
378 1801 596 1881 ὑποβαετάζει.
640 1799 691 1861 lta
718 1804 825 1861 autem
855 1801 965 1864 εθένο(
993 1799 1178 1863 nonhabet

55 1929 107 1990 quo
125 1908 290 1972 referatur.
321 1907 411 1983 Quod
432 1909 518 1972 enim
533 1907 734 1971 Wellauerus
758 1908 879 1992 cogitat
901 1909 939 1971 de
957 1909 1061 1993 figura
1083 1930 1179 1992 quam

54 2019 83 2080 ἓν
103 2021 150 2082 διὰ
171 2023 264 2084 δυοῖν
286 2018 408 2102 dicunt,
432 2017 471 2082 de
494 2039 530 2081 eo
552 2015 747 2081 multimodis
769 2017 909 2083 fallitur:
942 2018 988 2081 ita
1011 2019 1097 2082 enim
1119 2040 1178 2081 nec

54 2148 212 2209 reponere
235 2127 312 2191 licet
333 2151 391 2212 pro
414 2129 475 2207 καί,
498 2150 558 2192 nec
580 2117 785 2211 praemittere
803 2128 1025 2191 attributivum
1045 2149 1178 2191 nomen:

55 2233 155 2300 deinde
177 2239 277 2318 βάρο(
300 2237 469 2302 dicendum
492 2242 561 2302 erat
582 2237 621 2300 de
645 2238 743 2321 caelo,
767 2260 833 2302 non
856 2240 983 2304 (θένοει
1013 2241 1179 2320 praeterea

55 2367 88 2407 ne
109 2347 150 2410 sic
165 2347 304 2431 quidem,
328 2371 423 2432 quam
438 2347 614 2413 instituerit
630 2347 873 2432 grammaticam
891 2347 1058 2411 verborum
1080 2349 1180 2410 struo·

55 2457 156 2540 turam,
179 2457 391 2542 intellegitur.
430 2457 613 2542 Scripturas
634 2457 850 2541 discrepantia
872 2462 985 2520 notata
1009 2456 1097 2520 nulla
1120 2461 1178 2539 est,

55 2571 265 2652 praeterquam
297 2569 379 2652 quod
411 2571 507 2634 Ἄτλα
534 2570 567 2632 θ’
595 2568 752 2651 reperitur
774 2568 858 2652 apud
880 2567 1095 2632 scholiastam.
1141 2567 1180 2630 ln

56 2695 86 2736 eo
111 2680 212 2741 autem
235 2677 391 2742 vocabulo
419 2678 488 2760 ipsa
517 2678 697 2761 corruptela
721 2677 878 2760 cernitur,
902 2677 1180 2762 emendandosque

56 2785 217 2870 Aeschylus
241 2787 289 2852 sio
310 2791 374 2852 est:

226 2926 402 2989 Ἄτλαντος
424 2924 491 2991 αἰὲν
515 2925 689 3005 ὑπείροχον
713 2927 823 2991 εθένο(
844 2925 995 3005 κραταιὸν

227 3035 382 3114 οὐράνιόν
404 3057 438 3100 τε
460 3036 564 3101 πόλον
587 3037 719 3102 νώτοις·

313 3145 536 3213 ὑποσενὰῑει.

56 3273 131 3350 Quae
150 3303 214 3345 una
238 3302 312 3344 oum
334 3281 547 3364 superioribus
569 3284 692 3346 vertere
720 3281 796 3345 licet
818 3282 852 3346 in
875 3281 961 3346 hunc
982 3282 1123 3346 modum:

192 3421 316 3482 Vorher
338 3443 397 3481 nur
417 3423 473 3482 sah
495 3423 544 3482 ich
567 3423 836 3502 schwerbedrttngt
859 3425 953 3483 allein

281 3525 372 3582 einen
395 3524 513 3584 andern
537 3526 674 3586 Titanen
697 3525 867 3604 gebandigt

282 3625 376 3684 durch
399 3626 554 3686 sesselnde
578 3626 726 3688 Sohmaoh
750 3626 805 3685 der
826 3625 936 3698 Elison,

195 3727 250 3787 des
273 3727 361 3786 Atlas
382 3735 456 3787 stets
479 3728 691 3807 tiberragende
713 3727 864 3805 machtige
886 3728 988 3799 Kraft,

281 3829 345 3888 und
369 3829 422 3888 des
445 3829 593 3890 Himmels
615 3829 709 3888 Rund
732 3829 788 3888 auf
806 3828 915 3888 seinen
939 3827 1118 3888 Schultern:

326 3930 474 3991 darunter
494 3933 594 3990 seuszt
616 3951 658 3990 er.

59 4051 121 4121 Vno
141 4059 296 4124 vocabulo
324 4061 472 4124 conclusa
499 4061 660 4124 sententia
688 4060 799 4124 eadem
821 4066 870 4125 est
892 4061 922 4124 vi
951 4059 1056 4144 posita
1089 4061 1184 4143 atque

59 4163 270 4252 neophoclis
294 4169 371 4234 Oed.
396 4169 462 4236 Col.
486 4191 515 4234 ν.
543 4170 625 4235 1060
652 4170 814 4236 ἁλώεεται.

129 4277 169 4341 V.
192 4280 259 4344 430
280 4280 459 4358 ξυμπίτνων
481 4278 694 4344 scribendum.
1200 4310 1270 4360 mv

132 4385 171 4450 V.
204 4387 271 4452 494
302 4391 351 4454 καὶ
383 4391 505 4470 μακρὰν
540 4390 646 4472 ὀεφύν
677 4390 737 4454 etsi
764 4389 885 4454 nemini
918 4389 1085 4454 offensioni
1117 4390 1184 4455 fue·
