3052 5136
706 368 866 416 SCHEDAE
889 368 1060 415 CRITICAE.

463 557 556 621 πόλι(
580 557 921 636 εέ(ω(τα1·βααλέοιν
945 558 980 621 δ’
1002 557 1199 638 δμοεπόροιν

463 669 613 733 πέπωκεν
636 668 710 747 αἷμα
731 669 799 744 γαῑ)
822 667 880 730 ὑπ’
902 668 1052 746 ἀλλήλων
1074 669 1188 752 φόνῳ·

311 845 498 928 quibuscum
527 845 749 910 contendendo
775 849 864 928 sunt,
905 867 986 930 quae
1015 846 1167 930 leguntur
1204 869 1235 910 v.
1264 845 1423 910 774-784.

311 956 411 1031 Quem
434 955 474 1020 ad
496 955 624 1020 modum
646 960 752 1020 autem
773 956 848 1020 illae
870 956 1012 1040 virgines
1034 957 1069 1020 in
1091 957 1197 1040 priore
1218 956 1342 1020 fabulae
1356 959 1424 1038 parte

311 1089 377 1130 non
405 1067 506 1130 solum
539 1071 670 1152 propter
701 1046 789 1129 urbis
821 1066 963 1130 futuram
995 1067 1234 1150 calamitatem,
1269 1068 1322 1130 sed
1351 1067 1424 1129 ctiam

310 1181 440 1262 propter
463 1200 552 1240 suam
574 1177 714 1260 ipsarum
736 1175 900 1240 fortunam
923 1180 1009 1240 metu
1031 1177 1154 1242 fractae
1182 1180 1276 1241 erant
1297 1182 1328 1241 et
1346 1197 1424 1261 paene

311 1289 528 1351 exanimatae:
557 1288 598 1350 cf.
622 1310 652 1350 ν.
675 1287 749 1353 235.
773 1287 836 1352 308
858 1309 927 1372 sqq.
957 1287 1030 1353 345.
1053 1288 1117 1353 436
1140 1287 1252 1352 west:
1281 1288 1325 1351 ita
1350 1307 1422 1366 nuuc,

309 1397 364 1461 ubi
402 1419 520 1462 vacuae
550 1400 625 1461 sunt
657 1397 814 1482 periculo,
849 1397 977 1462 easdem
1015 1401 1266 1484 consentaneum
1302 1403 1347 1462 est
1376 1417 1423 1460 non

310 1509 403 1572 modo
426 1507 464 1572 de
487 1508 592 1590 urbis,
616 1507 672 1571 sed
687 1509 726 1572 de
748 1531 805 1572 sua
827 1529 951 1592 quoque
974 1508 1076 1573 salute
1098 1508 1223 1573 laeteri.
1261 1507 1305 1572 Et
1325 1529 1359 1571 eo
1376 1506 1424 1588 qui-

310 1619 381 1682 dem
409 1619 495 1682 valet
522 1620 645 1702 ἀανήα,
678 1619 738 1683 hoc
767 1622 802 1682 ut
829 1618 954 1682 dicant:
988 1630 1088 1684 utrum
1114 1625 1211 1682 lucter
1240 1631 1269 1682 ct
1294 1623 1422 1691 exodun,

308 1737 376 1809 ipsa
398 1737 499 1806 solua,
534 1735 616 1794 urbis
644 1737 762 1794 solute?
790 1751 830 1793 απ
853 1768 905 1793 -.
929 1728 1020 1804 Quod
1047 1733 1084 1793 ut
1110 1731 1266 1814 appareat
1292 1729 1324 1792 in
1348 1726 1425 1792 άανεῑ

309 1841 405 1904 facile
427 1841 569 1924 potuisse
597 1840 756 1923 converti,
792 1839 936 1924 profecto
969 1861 1035 1903 non
1062 1861 1183 1924 magna
1211 1860 1290 1922 opus
1316 1841 1360 1902 est
1387 1835 1424 1897 de·

308 1951 509 2014 monstrandi
545 1950 765 2014 contentione:
801 1949 1057 2034 quandoquidem
1085 1950 1171 2013 inter
1198 1952 1283 2030 ὴεαω
1316 1952 1346 2012 et
1368 1951 1424 2011 εῑαν

309 2060 504 2144 syllabarum
530 2082 624 2124 sonos
659 2060 741 2123 nihil
765 2062 834 2123 erat
861 2059 1055 2124 discriminis
1086 2058 1126 2123 de
1153 2059 1280 2123 novicio
1311 2076 1424 2142 pronun·

308 2171 412 2234 tiandi
434 2170 571 2255 more.*)
609 2170 669 2244 Qui
698 2170 824 2253 quidem
847 2175 923 2253 quot
945 2191 1087 2234 errorum
1109 2189 1221 2232 cnirsea
1243 2167 1351 2249 fuerit,
1370 2184 1424 2228 cum

310 2285 435 2345 constet
457 2281 542 2344 inter
564 2301 691 2361 omnen,
715 2283 784 2343 tum
806 2280 897 2343 novis
913 2279 1103 2362 quibusdam
1119 2279 1273 2362 exemplis
1287 2277 1367 2341 lubet
1379 2274 1423 2336 hoc

308 2393 377 2455 loco
401 2391 614 2474 comprobare.

393 2502 431 2565 In
454 2501 598 2585 Hedyli
620 2521 712 2564 versu
735 2499 822 2584 apud
840 2500 1085 2564 Athenaeum
1106 2499 1189 2563 libro
1204 2497 1327 2581 anp.
1342 2495 1426 2560 344F

308 2613 401 2692 φύκει
425 2616 457 2676 et
479 2613 563 2692 φύκη
586 2611 761 2694 scripturae
784 2614 873 2674 ortae
900 2615 977 2675 sunt
1005 2632 1044 2674 ex
1065 2612 1171 2692 φυκί-,
1201 2609 1321 2692 reliqua
1340 2609 1423 2670 eutem

308 2721 514 2806 perpolienda
536 2721 596 2786 hoe
618 2725 728 2805 pacto:

755 2867 886 2932 Φαίδων
909 2867 945 2930 δέ
968 2887 1001 2930 τε
1024 2865 1176 2945 φυκ1δ1’
1199 2863 1280 2930 αἰνεῖ

460 2977 579 3057 χορδάς
601 2979 633 3043 θ’
656 2978 674 3042 δ
698 2978 838 3057 ψάλτης·
862 2977 925 3042 dtu
946 2978 1008 3056 γὰρ
1030 2975 1215 3056 ὀψοφάγοι

308 3121 482 3205 inquibus
510 3126 542 3186 et
570 3144 603 3187 τε
632 3121 711 3185 illud
740 3125 772 3185 et
799 3123 831 3186 θ’
856 3120 990 3184 debetur
1015 3119 1068 3185 Fr.
1096 3118 1254 3201 Iacobsio,
1282 3129 1314 3182 ΔΙ
1340 3117 1420 3180 autem

258 3248 288 3294 41
309 3231 517 3296 interciderat
538 3236 669 3315 propter
698 3241 728 3294 ΑΙ
752 3231 932 3294 litterarum
954 3229 1238 3314 propinquitatem.
1283 3222 1418 3294 [111111111-
1494 3265 1495 3274 ¹

307 3343 419 3406 uutiva
440 3342 543 3405 forma
565 3343 658 3422 φυκία
681 3341 819 3406 nominis
842 3339 1010 3404 dubitandi
1026 3345 1138 3404 causs'a
1152 3340 1242 3404 nulla
1264 3343 1323 3404 est:
1342 3334 1418 3400 Atto

308 3475 406 3515 uacus
429 3452 514 3515 enim
537 3475 567 3535 p.
585 3453 690 3517 355A
713 3453 732 3516 ὁ
755 3454 860 3533 φυκήν
883 3451 988 3534 inquit
1008 3453 1059 3516 καὶ
1079 3452 1099 3529 ἡ
1122 3451 1231 3535 φυκία,
1255 3449 1417 3516 ἁπαλώτατα

308 3563 466 3642 ἰχθύδια
494 3562 582 3628 ὄντα.
629 3563 678 3626 καί
706 3562 899 3645 particulam
927 3584 945 3624 1
972 3560 1111 3624 librariis
1139 3561 1279 3625 arbitror
1303 3579 1360 3623 esse
1381 3554 1415 3616 in·

307 3677 447 3754 vectam,
483 3673 536 3756 qui
564 3673 615 3736 vel
643 3694 756 3756 prosae
784 3670 923 3735 orationi
952 3671 1179 3735 continuarent
1206 3675 1315 3756 poetae
1343 3663 1415 3728 verbu
1494 3717 1495 3782 i

307 3783 358 3845 vel
380 3783 514 3845 altcnrm
537 3805 662 3846 versum
684 3782 765 3845 alius
788 3803 856 3845 esse
873 3784 987 3865 poetae
1003 3780 1184 3864 crederent;
1207 3781 1314 3862 χορδαί
1333 3781 1413 3840 auten
1494 3803 1495 3872 p

308 3896 383 3955 sunt
409 3893 510 3956 botuli
540 3892 552 3975 (
576 3942 582 3955 .
613 3893 752 3976 interpp.
777 3891 817 3955 ed
845 3890 1010 3975 Aristoph.
1033 3891 1116 3956 Nub.
1145 3893 1238 3977 454);
1264 3881 1413 3969 deniquo

376 4208 400 4272 *)
430 4206 596 4276 [Simplicius
620 4207 745 4276 profecto
770 4205 806 4261 ud
828 4206 984 4262 litterarum
1007 4203 1214 4260 similitudinem
1236 4215 1349 4260 revocare
1365 4209 1410 4248 ⁰01²
1494 4203 1495 4248 1

308 4300 446 4368 ruptclum
463 4300 578 4354 liccbut:
829 4301 1109 4356 Α(ΙΝΕ((ΩΤΗΡΙΑ1

826 4395 1075 4449 Αακειεατκρι
1149 4395 1160 4463 ]
