2990 5140
320 333 382 396 208
671 347 827 396 TzETzAss
849 346 1112 394 PROLEGOMENA

320 524 427 583 μεναι,
452 502 539 581 ὅμωε
562 502 662 580 λάθρα
678 503 733 565 εῦν
751 502 945 580 ὁμοτρόποις
961 501 1198 580 περιιπτάμεναι
1214 503 1429 578 περιβομβοῦιιν

321 613 500 690 ἀνήκουετά
522 633 555 676 τε
578 613 627 674 καί
655 613 839 692 παράληρα,
869 612 950 675 ἀλλά
972 632 1024 689 μοι
1047 611 1141 675 τόκον
1163 611 1350 690 τροχάεαντι
1374 611 1430 672 ἀνιτ-

320 725 461 800 ληπτέον
484 723 580 786 πάλιν
603 726 661 785 τοῦ
686 722 786 797 λόγου
809 723 847 785 τά
869 722 981 798 καίρια.

255 845 302 892 119
405 833 435 894 2.
465 833 545 910 Περί
574 837 717 910 ποιητῶν
746 833 898 895 πολλάκι(
927 831 1000 908 ὑμῖν
1029 831 1214 909 ἐδιδάξαμεν
1243 833 1294 894 καί
1320 833 1444 907 διαρκιῦι1

321 945 434 1006 έκαετα
463 943 673 1020 ἐξεπίετατθε,
703 943 769 1020 είδη
798 964 831 1006 τε
858 941 986 1005 τούτων
1014 943 1064 1004 καί
1091 943 1129 1005 τὰ
1158 941 1356 1019 γνωρίεματα
1383 943 1430 1002 τῶν

321 1059 475 1130 εκηνικῶν
503 1074 538 1116 τε
565 1054 641 1115 τοῦτ
670 1054 787 1130 χοροῦ(
815 1053 850 1115 ἐκ
873 1053 983 1116 πότων
1007 1051 1136 1130 ἀνδρῶν
1158 1052 1208 1114 καί
1230 1051 1258 1114 τί
1282 1051 1389 1134 ἑκάιτιμ
1406 1050 1431 1110 τί

321 1169 447 1242 δῶρον,
476 1164 524 1224 καί
553 1167 623 1225 πῶε
651 1163 884 1243 ἐφευρέθηκαν,
913 1163 962 1225 καὶ
995 1161 1043 1225 ὅτι
1072 1162 1219 1236 λέγονται
1241 1162 1376 1238 δράματα
1397 1161 1432 1221 καί

323 1273 362 1335 οὐ
384 1273 556 1350 γράμματα.
594 1273 689 1335 Ἀλλὰ
711 1274 761 1336 καὶ
783 1275 843 1336 νῦν
867 1272 1083 1351 ἐπιδραμάδην
1105 1275 1172 1335 τῶν
1195 1276 1347 1348 τκηνικιῦν
1366 1287 1448 1344 ποιηῑι

323 1383 431 1461 μάτων
454 1383 493 1446 τὰ
516 1382 618 1460 καίρια
641 1383 806 1474 διδακτέον
829 1403 894 1459 μοι,
921 1382 975 1445 ἵνα
998 1383 1047 1445 καὶ
1070 1382 1187 1460 ψώραν
1209 1381 1365 1459 ἐξηγητῶν
1383 1382 1432 1442 ταῑι

323 1496 493 1572 διαφοραί(
516 1491 748 1570 έκκαθάρωμεν,
772 1493 880 1554 καὶτὸ
903 1491 1077 1555 Διονυείου
1099 1511 1133 1555 τε
1156 1491 1206 1554 καὶ
1222 1490 1382 1557 Εὐκλείδου
1399 1488 1433 1548 καί

325 1604 484 1681 Κράτητος
509 1605 641 1665 εκολιῶε
665 1603 714 1664 καὶ
737 1603 950 1680 πεφυρμένω(
974 1602 1023 1664 καί
1046 1602 1257 1679 ἀπατηρήτω(
1272 1601 1386 1678 γραφέν
1404 1597 1433 1659 είι

322 1715 360 1775 τὸ
396 1715 467 1791 περὶ
494 1716 601 1789 μερῶν
630 1713 795 1796 κωμῳδίαι
829 1713 878 1774 καί
906 1711 1114 1790 παραβάεεωε
1143 1709 1324 1774 εὐθυτάτωτ
1349 1729 1376 1772 τε
1400 1708 1433 1768 καί

325 1823 477 1902 ἀφῦρτωε
505 1823 569 1899 μετ’
597 1822 787 1886 ε’πιετάεεωτ
820 1828 931 1900 ταφῶ(
959 1822 1207 1899 παραετήιωμεν
1236 1821 1315 1884 κατά
1340 1839 1369 1882 τε
1392 1819 1419 1892 τὴ
1442 1825 1452 1856 ‘⁶³

325 1936 437 2010 πρᾶξιν
467 1931 565 2008 αὐτὴν
594 1933 643 1995 καί
670 1933 728 1995 τὸν
756 1936 837 1995 νοῦν
867 1935 933 1995 τῶν
970 1931 1099 2010 βιβλίων
1133 1931 1182 1993 καὶ
1215 1917 1433 2009 τῆν’άλήθειαν.

328 2043 381 2104 Καὶ
404 2043 441 2119 δὴ
465 2045 596 2119 πρῶτον
620 2041 755 2119 ἀρκτέον
778 2063 830 2118 μοι
854 2043 957 2116 λέγειν
981 2042 1037 2103 τὰ(
1059 2039 1229 2119 διαφοράς.

409 2153 440 2214 3.
470 2155 504 2217 ‘H
522 2152 672 2233 κωμῳδία
687 2152 876 2229 μεμιγμένον
892 2155 958 2214 τοῑε
975 2151 1132 2228 εκώμμαα
1154 2151 1221 2228 εἶχε
1244 2151 1302 2214 τὸν
1323 2151 1433 2225 γέλωτα·

324 2265 343 2340 ἡ
372 2261 533 2345 τραγῳδία
560 2263 660 2339 πένθη
689 2264 739 2324 καί
768 2262 946 2342 (υμφορά(·
975 2262 993 2338 ἡ
1021 2262 1165 2339 εατυρικὴ
1194 2263 1231 2323 δέ
1259 2260 1373 2336 ποίητιε
1394 2255 1433 2318 οίιι

326 2374 390 2436 ἀπὸ
418 2373 558 2435 πένθους
587 2371 629 2435 εἰ(
660 2372 762 2449 χαρὰν
791 2376 944 2452 καταντᾷ,
974 2371 1018 2433 ιίι(
1046 2370 1215 2447 Εὐριπίδου
1239 2371 1377 2450 Ὀρέετητ
1400 2365 1452 2426 καί

325 2484 484 2560 Ἄλκηετιε
513 2482 603 2558 καὶὴ
632 2485 689 2544 τοῦ
713 2482 918 2568 (οφοκλέουκ
941 2481 1107 2559 Ἠλέκτρα,
1137 2481 1182 2544 ῶτ
1209 2480 1290 2558 κάμὲ
1317 2480 1345 2542 οί
1370 2475 1432 2539 dcxi-

326 2613 414 2655 πτω(
437 2593 609 2668 ληροῦντι(
625 2592 768 2669 ἐξηγηταί
783 2593 834 2654 καί
847 2591 970 2670 γράψαι
985 2592 1035 2653 καί
1055 2591 1175 2654 διδάξαι
1196 2591 1367 2667 ἠπάτηκαν,
1386 2584 1433 2648 ιίλλΙ

327 2701 419 2777 ἀμιγῆ
443 2702 491 2762 καί
520 2700 669 2777 χαρίεντα
691 2703 740 2764 καὶ
768 2702 933 2778 θυμελικὸν
960 2702 1024 2778 ἔχει
1046 2701 1186 2777 γέλωτα,
1210 2699 1284 2765 οίον
1312 2697 1433 2776 Ἡρακλλ(

327 2811 455 2889 πραθείτ
483 2815 528 2892 τῷ
553 2810 643 2873 (υλεῑ
670 2813 815 2888 γεωργόε
844 2813 962 2874 δοῦλοι
991 2811 1101 2887 ἐττάλη
1125 2809 1168 2873 είε
1192 2811 1251 2874 τὸν
1275 2809 1377 2886 ἀγρὸν,
1395 2805 1433 2866 τὸν

327 2921 502 2999 ἀμπελῶνα
531 2920 732 2997 ἐργάεατθαι,
762 2921 949 3008 ἀνεεπακῶε
976 2922 1011 2983 δὲ
1039 2922 1163 3002 δικέλλῃ
1192 2920 1378 2999 προρρίζουε
1396 2914 1452 2975 τίιιί

328 3032 488 3108 ἀμπέλου(
517 3031 639 3093 άπάεαε
668 3033 902 3111 νωτοφορήκα(
929 3052 962 3094 τε
992 3030 1090 3093 αὐτὰ(
1119 3030 1161 3093 εἰ(
1194 3031 1233 3093 τὸ
1262 3029 1369 3108 οἴκημα
1394 3023 1434 3085 τοί

328 3141 429 3218 ἀγροῦ
458 3143 592 3218 ψωμοῦε
621 3142 777 3216 μεγάλου(
807 3141 934 3218 ἐποίηεε
962 3141 1020 3204 τὸν
1048 3140 1177 3219 κρείττω
1210 3161 1246 3203 τε
1278 3145 1342 3203 τῶν
1372 3136 1434 3214 βοῶν

328 3252 422 3314 θύται
445 3254 651 3315 κατεθοινάτο
675 3253 724 3313 καὶ
747 3253 803 3313 τὸν
827 3255 969 3316 πιθεῶνα
991 3251 1025 3314 δὲ
1048 3251 1217 3328 διαρρήξαε
1240 3252 1292 3313 καὶ
1311 3249 1364 3312 τὸν
1383 3243 1433 3306 κάλ·

328 3365 434 3425 λιττον
457 3360 552 3424 πίθον
575 3361 802 3438 ἀποπωμιῦεατ
826 3362 881 3424 τὰ(
904 3363 1000 3439 θύρα(
1016 3382 1048 3424 τε
1073 3361 1117 3422 ῶε
1132 3360 1293 3438 τράπεζαν
1309 3359 1366 3421 θείι
1384 3353 1434 3428 ἠῶ(

328 3473 377 3535 καί
401 3471 509 3535 έπινεν
533 3470 632 3544 ἁδὼν,
657 3473 706 3532 καί
728 3477 772 3551 τῷ
789 3475 963 3549 προεετῶτι
979 3473 1014 3533 δὲ
1029 3474 1087 3533 τοῦ
1103 3469 1203 3547 ἀγροῦ
1220 3469 1312 3547 δριμὺ
1327 3465 1452 3542 ἐνομῶν.ί

329 3583 441 3660 φέρειν
464 3581 609 3645 ἐκέλευεν
634 3581 736 3657 ὡραίά
751 3602 784 3644 τε
799 3582 848 3643 καί
864 3583 1078 3655 πλακοῦνταε,
1102 3581 1150 3642 καί
1164 3581 1256 3643 τέλοε
1272 3578 1350 3641 ὅλον
1363 3589 1434 3636 ποτα·

328 3692 389 3768 μὸν
413 3693 493 3768 πρὸ(
516 3693 574 3768 τὴν
598 3691 731 3754 ἔπαυλιν
754 3692 873 3768 τρέψαε
895 3691 934 3753 τά
957 3691 1061 3753 πάντα
1089 3690 1276 3754 κατέκλυεεν
1299 3689 1318 3751 δ
1345 3684 1434 3748 δοῦλα(

329 3801 378 3863 καί
401 3800 440 3878 ὀρ
464 3851 589 3864 .....
613 3802 885 3879 ὁτεχνικώτατοε
907 3800 1060 3878 γεωργότ.
1098 3800 1236 3862 Τοιαῦτα
1258 3799 1297 3862 τά
1319 3789 1434 3871 εατυμλἀ

329 3912 487 3989 δράματα,
518 3911 579 3989 οὐχ
608 3911 660 3974 οἶα
687 3911 866 3989 γράφουειν
896 3911 925 3973 οί
955 3910 1117 3974 ἀεκέπτωε
1146 3911 1318 3987 ληροῦντεε
1338 3897 1434 3972 κοὶθίε

333 4087 528 4096 -—-——-—-——-—·

397 4190 438 4237 28.
462 4185 478 4237 l.
503 4188 754 4251 παρατροχάταντι.
829 4189 852 4238 Ιί.
878 4187 997 4238 Litteras
1021 4201 1075 4237 non
1101 4183 1168 4237 satis
1187 4195 1349 4250 cognoscere
1368 4170 1433 4244 μνίίίῙ

330 4279 448 4330 sortasse
462 4282 506 4330 καί
519 4280 562 4330 διά
576 4278 609 4330 τί.
658 4280 1008 4344 λθ,πιιραετήειιιμενικιιί.
1057 4284 1097 4330 27
1112 4280 1173 4344 τὸν]
1186 4283 1245 4330 τῶν
1259 4275 1316 4328 cod.
1360 4272 1428 4326 ⁵280?

331 4371 558 4438 ·s1‹lZe1‘?[lat(*una.
578 4371 698 4436 ηιιίιιιριι·
719 4374 774 4423 λὐιϊ
795 4373 967 4438 Ιίίλυιικιυιιιιλ
