<?xml version="1.0" encoding="UTF-8"?>
<!DOCTYPE html PUBLIC "-//W3C//DTD XHTML 1.0 Transitional//EN"
    "http://www.w3.org/TR/xhtml1/DTD/xhtml1-transitional.dtd">
<html xmlns="http://www.w3.org/1999/xhtml" xml:lang="en" lang="en">
 <head>
  <title>
</title>
<meta http-equiv="Content-Type" content="text/html;charset=utf-8" />
  <meta name='ocr-system' content='tesseract 3.04.00' />
  <meta name='ocr-capabilities' content='ocr_page ocr_carea ocr_par ocr_line ocrx_word'/>
</head>
<body>
  <div class='ocr_page' id='page_1' title='image "./fridericiritsch04ritsgoog_0636.png"; bbox 0 0 2954 5134; ppageno 0'>
   <div class='ocr_carea' id='block_1_1' title="bbox 445 365 1197 428">
    <p class='ocr_par' dir='ltr' id='par_1_1' title="bbox 445 365 1197 428">
     <span class='ocr_line' id='line_1_1' title="bbox 445 365 1197 428; baseline 0 0"><span class='ocrx_word' id='word_1_1' title='bbox 445 381 492 428; x_wconf 84' lang='lat' dir='ltr'><strong>na</strong></span> <span class='ocrx_word' id='word_1_2' title='bbox 515 381 585 428; x_wconf 86' lang='lat' dir='ltr'><strong>oso</strong></span> <span class='ocrx_word' id='word_1_3' title='bbox 608 381 653 428; x_wconf 83' lang='lat' dir='ltr'><strong>ar</strong></span> <span class='ocrx_word' id='word_1_4' title='bbox 675 380 817 428; x_wconf 84' lang='lat' dir='ltr'><strong>emona.</strong></span> <span class='ocrx_word' id='word_1_5' title='bbox 1136 365 1197 428; x_wconf 79' lang='grc'><strong>601</strong></span> 
     </span>
    </p>
   </div>
   <div class='ocr_carea' id='block_1_2' title="bbox 80 533 1198 1285">
    <p class='ocr_par' dir='ltr' id='par_1_2' title="bbox 80 533 1198 1285">
     <span class='ocr_line' id='line_1_2' title="bbox 83 533 1198 617; baseline -0.001 -21"><span class='ocrx_word' id='word_1_6' title='bbox 83 554 162 597; x_wconf 86' lang='lat' dir='ltr'><strong>neum</strong></span> <span class='ocrx_word' id='word_1_7' title='bbox 182 535 220 597; x_wconf 89' lang='lat' dir='ltr'><strong>sit</strong></span> <span class='ocrx_word' id='word_1_8' title='bbox 241 535 274 597; x_wconf 88' lang='lat' dir='ltr'><strong>in</strong></span> <span class='ocrx_word' id='word_1_9' title='bbox 296 533 455 616; x_wconf 77' lang='lat' dir='ltr'>excerptis</span> <span class='ocrx_word' id='word_1_10' title='bbox 477 533 598 617; x_wconf 90' lang='lat' dir='ltr'><strong>quaeri,</strong></span> <span class='ocrx_word' id='word_1_11' title='bbox 622 553 703 616; x_wconf 89' lang='lat' dir='ltr'><strong>quae</strong></span> <span class='ocrx_word' id='word_1_12' title='bbox 724 533 943 596; x_wconf 85' lang='lat' dir='ltr'><strong>inscribuntur</strong></span> <span class='ocrx_word' id='word_1_13' title='bbox 958 533 1107 614; x_wconf 88' lang='lat' dir='ltr'><strong>Orionea,</strong></span> <span class='ocrx_word' id='word_1_14' title='bbox 1131 533 1198 596; x_wconf 90' lang='lat' dir='ltr'><strong>illic</strong></span> 
     </span>
     <span class='ocr_line' id='line_1_3' title="bbox 80 641 1198 726; baseline 0 -22"><span class='ocrx_word' id='word_1_15' title='bbox 80 647 172 706; x_wconf 89' lang='lat' dir='ltr'><strong>tamea</strong></span> <span class='ocrx_word' id='word_1_16' title='bbox 191 666 220 726; x_wconf 88' lang='lat' dir='ltr'><strong>p.</strong></span> <span class='ocrx_word' id='word_1_17' title='bbox 242 644 315 726; x_wconf 88' lang='grc'><strong>611,</strong></span> <span class='ocrx_word' id='word_1_18' title='bbox 343 643 382 706; x_wconf 89' lang='grc'><strong>14</strong></span> <span class='ocrx_word' id='word_1_19' title='bbox 404 646 516 706; x_wconf 88' lang='lat' dir='ltr'><strong>contra</strong></span> <span class='ocrx_word' id='word_1_20' title='bbox 539 647 634 726; x_wconf 83' lang='lat' dir='ltr'><strong>atque</strong></span> <span class='ocrx_word' id='word_1_21' title='bbox 657 642 834 726; x_wconf 84' lang='lat' dir='ltr'><strong>exspectari</strong></span> <span class='ocrx_word' id='word_1_22' title='bbox 860 641 970 704; x_wconf 82' lang='lat' dir='ltr'><strong>debuit</strong></span> <span class='ocrx_word' id='word_1_23' title='bbox 991 642 1094 725; x_wconf 81' lang='lat' dir='ltr'><strong>ipsam</strong></span> <span class='ocrx_word' id='word_1_24' title='bbox 1116 642 1198 725; x_wconf 91' lang='lat' dir='ltr'><strong>prio·</strong></span> 
     </span>
     <span class='ocr_line' id='line_1_4' title="bbox 81 751 1196 837; baseline 0 -23"><span class='ocrx_word' id='word_1_25' title='bbox 81 773 135 815; x_wconf 89' lang='lat' dir='ltr'><strong>rem</strong></span> <span class='ocrx_word' id='word_1_26' title='bbox 154 755 329 837; x_wconf 82' lang='lat' dir='ltr'><strong>reperimus</strong></span> <span class='ocrx_word' id='word_1_27' title='bbox 363 752 445 816; x_wconf 91' lang='lat' dir='ltr'><strong>Item</strong></span> <span class='ocrx_word' id='word_1_28' title='bbox 467 753 502 815; x_wconf 91' lang='lat' dir='ltr'><strong>in</strong></span> <span class='ocrx_word' id='word_1_29' title='bbox 525 751 680 816; x_wconf 88' lang='lat' dir='ltr'><strong>Parisinis</strong></span> <span class='ocrx_word' id='word_1_30' title='bbox 703 773 796 835; x_wconf 90' lang='lat' dir='ltr'><strong>quem</strong></span> <span class='ocrx_word' id='word_1_31' title='bbox 818 751 1003 815; x_wconf 89' lang='lat' dir='ltr'><strong>admodum</strong></span> <span class='ocrx_word' id='word_1_32' title='bbox 1026 752 1090 816; x_wconf 88' lang='lat' dir='ltr'><strong>alia</strong></span> <span class='ocrx_word' id='word_1_33' title='bbox 1111 757 1196 834; x_wconf 86' lang='lat' dir='ltr'><strong>sunt,</strong></span> 
     </span>
     <span class='ocr_line' id='line_1_5' title="bbox 81 861 1198 946; baseline 0.001 -22"><span class='ocrx_word' id='word_1_34' title='bbox 81 883 147 944; x_wconf 87' lang='lat' dir='ltr'><strong>quse</strong></span> <span class='ocrx_word' id='word_1_35' title='bbox 167 863 204 926; x_wconf 90' lang='lat' dir='ltr'><strong>ab</strong></span> <span class='ocrx_word' id='word_1_36' title='bbox 223 863 415 946; x_wconf 86' lang='lat' dir='ltr'><strong>reliquorum</strong></span> <span class='ocrx_word' id='word_1_37' title='bbox 437 863 591 926; x_wconf 89' lang='lat' dir='ltr'><strong>societate</strong></span> <span class='ocrx_word' id='word_1_38' title='bbox 619 862 724 925; x_wconf 87' lang='lat' dir='ltr'><strong>aliena</strong></span> <span class='ocrx_word' id='word_1_39' title='bbox 753 862 822 945; x_wconf 88' lang='lat' dir='ltr'><strong>ipso</strong></span> <span class='ocrx_word' id='word_1_40' title='bbox 849 861 1049 926; x_wconf 74' lang='lat' dir='ltr'><strong>notationum</strong></span> <span class='ocrx_word' id='word_1_41' title='bbox 1077 861 1198 925; x_wconf 89' lang='lat' dir='ltr'><strong>ambitu</strong></span> 
     </span>
     <span class='ocr_line' id='line_1_6' title="bbox 82 971 1197 1056; baseline 0.002 -22"><span class='ocrx_word' id='word_1_42' title='bbox 82 993 251 1056; x_wconf 76' lang='lat' dir='ltr'><strong>cognoscas,</strong></span> <span class='ocrx_word' id='word_1_43' title='bbox 281 977 317 1036; x_wconf 88' lang='lat' dir='ltr'><strong>ut</strong></span> <span class='ocrx_word' id='word_1_44' title='bbox 336 996 370 1056; x_wconf 90' lang='lat' dir='ltr'><strong>p.</strong></span> <span class='ocrx_word' id='word_1_45' title='bbox 397 974 474 1056; x_wconf 72' lang='lat'><strong>179,</strong></span> <span class='ocrx_word' id='word_1_46' title='bbox 500 974 536 1036; x_wconf 92' lang='grc'><strong>11</strong></span> <span class='ocrx_word' id='word_1_47' title='bbox 561 972 600 1035; x_wconf 90' lang='lat' dir='ltr'><strong>de</strong></span> <span class='ocrx_word' id='word_1_48' title='bbox 626 973 783 1051; x_wconf 68' lang='grc' dir='ltr'><strong>κάμηλος,</strong></span> <span class='ocrx_word' id='word_1_49' title='bbox 811 993 842 1054; x_wconf 91' lang='lat' dir='ltr'><strong>p.</strong></span> <span class='ocrx_word' id='word_1_50' title='bbox 869 972 944 1054; x_wconf 92' lang='grc'><strong>181,</strong></span> <span class='ocrx_word' id='word_1_51' title='bbox 972 971 1197 1052; x_wconf 78' lang='grc' dir='ltr'><strong>10111νείφω</strong></span> 
     </span>
     <span class='ocr_line' id='line_1_7' title="bbox 80 1080 1196 1166; baseline 0 -22"><span class='ocrx_word' id='word_1_52' title='bbox 80 1082 182 1164; x_wconf 87' lang='lat' dir='ltr'><strong>posita,</strong></span> <span class='ocrx_word' id='word_1_53' title='bbox 208 1083 403 1165; x_wconf 82' lang='lat' dir='ltr'><strong>transcripta</strong></span> <span class='ocrx_word' id='word_1_54' title='bbox 431 1105 468 1147; x_wconf 87' lang='lat' dir='ltr'><strong>ea</strong></span> <span class='ocrx_word' id='word_1_55' title='bbox 498 1105 536 1146; x_wconf 85' lang='lat' dir='ltr'><strong>ex</strong></span> <span class='ocrx_word' id='word_1_56' title='bbox 559 1081 707 1146; x_wconf 84' lang='lat' dir='ltr'><strong>Gudiano</strong></span> <span class='ocrx_word' id='word_1_57' title='bbox 735 1081 821 1166; x_wconf 91' lang='lat' dir='ltr'><strong>(coll.</strong></span> <span class='ocrx_word' id='word_1_58' title='bbox 846 1080 1000 1145; x_wconf 80' lang='grc'><strong>1111111.</strong></span> <span class='ocrx_word' id='word_1_59' title='bbox 1025 1081 1069 1145; x_wconf 92' lang='lat' dir='ltr'><strong>M.</strong></span> <span class='ocrx_word' id='word_1_60' title='bbox 1093 1081 1196 1145; x_wconf 77' lang='lat' dir='ltr'><strong>Paria.</strong></span> 
     </span>
     <span class='ocr_line' id='line_1_8' title="bbox 80 1191 1198 1285; baseline -0.002 -29"><span class='ocrx_word' id='word_1_61' title='bbox 80 1213 104 1272; x_wconf 92' lang='lat' dir='ltr'><strong>p.</strong></span> <span class='ocrx_word' id='word_1_62' title='bbox 127 1191 284 1278; x_wconf 77' lang='grc'><strong>187,20)1</strong></span> <span class='ocrx_word' id='word_1_63' title='bbox 308 1193 354 1256; x_wconf 83' lang='lat' dir='ltr'><strong>ita</strong></span> <span class='ocrx_word' id='word_1_64' title='bbox 376 1191 459 1276; x_wconf 89' lang='lat' dir='ltr'><strong>quod</strong></span> <span class='ocrx_word' id='word_1_65' title='bbox 482 1215 511 1256; x_wconf 86' lang='lat' dir='ltr'><strong>v.</strong></span> <span class='ocrx_word' id='word_1_66' title='bbox 535 1195 757 1285; x_wconf 68' lang='lat' dir='ltr'><strong>nucrnprovp.</strong></span> <span class='ocrx_word' id='word_1_67' title='bbox 784 1191 854 1274; x_wconf 89' lang='grc'><strong>180,</strong></span> <span class='ocrx_word' id='word_1_68' title='bbox 880 1193 897 1255; x_wconf 78' lang='lat' dir='ltr'><strong>&#39;l</strong></span> <span class='ocrx_word' id='word_1_69' title='bbox 921 1191 1094 1254; x_wconf 81' lang='lat' dir='ltr'><strong>secrmdum</strong></span> <span class='ocrx_word' id='word_1_70' title='bbox 1116 1191 1198 1256; x_wconf 86' lang='lat' dir='ltr'><strong>idem</strong></span> 
     </span>
    </p>
   </div>
   <div class='ocr_carea' id='block_1_3' title="bbox 50 1293 1336 4476">
    <p class='ocr_par' dir='ltr' id='par_1_3' title="bbox 50 1293 1253 4005">
     <span class='ocr_line' id='line_1_9' title="bbox 80 1293 1199 1386; baseline 0.002 -24"><span class='ocrx_word' id='word_1_71' title='bbox 80 1298 240 1366; x_wconf 81' lang='lat' dir='ltr'><strong>Gudianum</strong></span> <span class='ocrx_word' id='word_1_72' title='bbox 264 1293 382 1366; x_wconf 76' lang='lat' dir='ltr'><strong>citatur</strong></span> <span class='ocrx_word' id='word_1_73' title='bbox 402 1303 485 1368; x_wconf 90' lang='lat' dir='ltr'><strong>Orus</strong></span> <span class='ocrx_word' id='word_1_74' title='bbox 505 1304 751 1386; x_wconf 87' lang='lat' dir='ltr'><strong>grammaticus,</strong></span> <span class='ocrx_word' id='word_1_75' title='bbox 775 1301 858 1386; x_wconf 91' lang='lat' dir='ltr'><strong>quod</strong></span> <span class='ocrx_word' id='word_1_76' title='bbox 880 1301 1006 1384; x_wconf 90' lang='lat' dir='ltr'><strong>quidem</strong></span> <span class='ocrx_word' id='word_1_77' title='bbox 1022 1302 1055 1364; x_wconf 92' lang='lat' dir='ltr'><strong>in</strong></span> <span class='ocrx_word' id='word_1_78' title='bbox 1071 1301 1199 1366; x_wconf 81' lang='lat' dir='ltr'><strong>Orionis</strong></span> 
     </span>
     <span class='ocr_line' id='line_1_10' title="bbox 78 1409 1199 1496; baseline 0.004 -26"><span class='ocrx_word' id='word_1_79' title='bbox 78 1409 163 1474; x_wconf 77' lang='lat' dir='ltr'><strong>lexico</strong></span> <span class='ocrx_word' id='word_1_80' title='bbox 183 1413 302 1477; x_wconf 89' lang='lat' dir='ltr'><strong>lactum</strong></span> <span class='ocrx_word' id='word_1_81' title='bbox 325 1416 374 1476; x_wconf 86' lang='lat' dir='ltr'><strong>est</strong></span> <span class='ocrx_word' id='word_1_82' title='bbox 396 1435 584 1496; x_wconf 80' lang='lat' dir='ltr'><strong>numquam,</strong></span> <span class='ocrx_word' id='word_1_83' title='bbox 616 1411 646 1475; x_wconf 94' lang='lat' dir='ltr'><strong>id</strong></span> <span class='ocrx_word' id='word_1_84' title='bbox 675 1433 773 1476; x_wconf 91' lang='lat' dir='ltr'><strong>unum</strong></span> <span class='ocrx_word' id='word_1_85' title='bbox 796 1411 967 1474; x_wconf 80' lang='lat' dir='ltr'><strong>maximam</strong></span> <span class='ocrx_word' id='word_1_86' title='bbox 995 1410 1029 1474; x_wconf 91' lang='lat' dir='ltr'><strong>in</strong></span> <span class='ocrx_word' id='word_1_87' title='bbox 1052 1412 1199 1495; x_wconf 87' lang='lat' dir='ltr'><strong>suspitio-</strong></span> 
     </span>
     <span class='ocr_line' id='line_1_11' title="bbox 79 1521 1200 1606; baseline 0.004 -25"><span class='ocrx_word' id='word_1_88' title='bbox 79 1541 139 1582; x_wconf 87' lang='lat' dir='ltr'><strong>nem</strong></span> <span class='ocrx_word' id='word_1_89' title='bbox 159 1521 284 1586; x_wconf 82' lang='lat' dir='ltr'><strong>adducit</strong></span> <span class='ocrx_word' id='word_1_90' title='bbox 307 1522 422 1586; x_wconf 90' lang='lat' dir='ltr'><strong>indicis</strong></span> <span class='ocrx_word' id='word_1_91' title='bbox 445 1522 591 1606; x_wconf 89' lang='lat' dir='ltr'><strong>inscripti</strong></span> <span class='ocrx_word' id='word_1_92' title='bbox 615 1521 726 1586; x_wconf 89' lang='lat' dir='ltr'><strong>fidem:</strong></span> <span class='ocrx_word' id='word_1_93' title='bbox 750 1523 828 1588; x_wconf 88' lang='grc' dir='ltr'>κατὰ</span> <span class='ocrx_word' id='word_1_94' title='bbox 849 1521 995 1601; x_wconf 84' lang='grc' dir='ltr'><strong>Ὠρίωνα.</strong></span> <span class='ocrx_word' id='word_1_95' title='bbox 1029 1521 1200 1586; x_wconf 87' lang='grc' dir='ltr'><strong>Ρ11111111</strong></span> 
     </span>
     <span class='ocr_line' id='line_1_12' title="bbox 78 1629 1200 1716; baseline 0.005 -26"><span class='ocrx_word' id='word_1_96' title='bbox 78 1629 171 1695; x_wconf 86' lang='lat' dir='ltr'><strong>eadem</strong></span> <span class='ocrx_word' id='word_1_97' title='bbox 191 1637 342 1716; x_wconf 83' lang='lat' dir='ltr'><strong>excerpta</strong></span> <span class='ocrx_word' id='word_1_98' title='bbox 363 1636 485 1716; x_wconf 91' lang='lat' dir='ltr'><strong>quanta</strong></span> <span class='ocrx_word' id='word_1_99' title='bbox 507 1631 640 1695; x_wconf 83' lang='lat' dir='ltr'><strong>libidine</strong></span> <span class='ocrx_word' id='word_1_100' title='bbox 663 1632 803 1716; x_wconf 90' lang='lat' dir='ltr'><strong>quisquis</strong></span> <span class='ocrx_word' id='word_1_101' title='bbox 825 1631 887 1694; x_wconf 82' lang='lat' dir='ltr'><strong>fuit</strong></span> <span class='ocrx_word' id='word_1_102' title='bbox 908 1631 1099 1715; x_wconf 88' lang='lat' dir='ltr'><strong>compilarit,</strong></span> <span class='ocrx_word' id='word_1_103' title='bbox 1123 1632 1200 1696; x_wconf 87' lang='lat' dir='ltr'><strong>illud</strong></span> 
     </span>
     <span class='ocr_line' id='line_1_13' title="bbox 77 1741 1200 1827; baseline 0.004 -25"><span class='ocrx_word' id='word_1_104' title='bbox 77 1741 181 1825; x_wconf 81' lang='lat' dir='ltr'><strong>arguit,</strong></span> <span class='ocrx_word' id='word_1_105' title='bbox 207 1743 291 1827; x_wconf 92' lang='lat' dir='ltr'><strong>quod</strong></span> <span class='ocrx_word' id='word_1_106' title='bbox 313 1743 352 1806; x_wconf 91' lang='lat' dir='ltr'><strong>de</strong></span> <span class='ocrx_word' id='word_1_107' title='bbox 381 1743 426 1806; x_wconf 90' lang='lat' dir='ltr'><strong>eis</strong></span> <span class='ocrx_word' id='word_1_108' title='bbox 454 1743 548 1826; x_wconf 87' lang='lat' dir='ltr'><strong>ipsis,</strong></span> <span class='ocrx_word' id='word_1_109' title='bbox 579 1743 692 1826; x_wconf 88' lang='lat' dir='ltr'><strong>quibus</strong></span> <span class='ocrx_word' id='word_1_110' title='bbox 720 1741 928 1826; x_wconf 79' lang='lat' dir='ltr'><strong>interpolavit</strong></span> <span class='ocrx_word' id='word_1_111' title='bbox 955 1741 1110 1825; x_wconf 86' lang='lat' dir='ltr'><strong>Orionea,</strong></span> <span class='ocrx_word' id='word_1_112' title='bbox 1144 1743 1200 1806; x_wconf 92' lang='lat' dir='ltr'><strong>mi·</strong></span> 
     </span>
     <span class='ocr_line' id='line_1_14' title="bbox 77 1850 1199 1936; baseline 0.004 -25"><span class='ocrx_word' id='word_1_113' title='bbox 77 1850 148 1914; x_wconf 89' lang='lat' dir='ltr'><strong>nime</strong></span> <span class='ocrx_word' id='word_1_114' title='bbox 169 1853 319 1918; x_wconf 87' lang='lat' dir='ltr'><strong>convenit</strong></span> <span class='ocrx_word' id='word_1_115' title='bbox 340 1852 430 1916; x_wconf 92' lang='lat' dir='ltr'><strong>libris</strong></span> <span class='ocrx_word' id='word_1_116' title='bbox 452 1851 635 1935; x_wconf 62' lang='lat' dir='ltr'><strong>Koesianis,</strong></span> <span class='ocrx_word' id='word_1_117' title='bbox 670 1851 725 1916; x_wconf 88' lang='lat' dir='ltr'><strong>sed</strong></span> <span class='ocrx_word' id='word_1_118' title='bbox 747 1853 873 1916; x_wconf 84' lang='lat' dir='ltr'><strong>illorum</strong></span> <span class='ocrx_word' id='word_1_119' title='bbox 896 1872 961 1916; x_wconf 89' lang='lat' dir='ltr'><strong>non</strong></span> <span class='ocrx_word' id='word_1_120' title='bbox 983 1874 1085 1935; x_wconf 88' lang='lat' dir='ltr'><strong>pauca</strong></span> <span class='ocrx_word' id='word_1_121' title='bbox 1108 1853 1199 1936; x_wconf 84' lang='lat' dir='ltr'><strong>alter,</strong></span> 
     </span>
     <span class='ocr_line' id='line_1_15' title="bbox 76 1961 1201 2046; baseline 0.004 -25"><span class='ocrx_word' id='word_1_122' title='bbox 76 1961 121 2042; x_wconf 81' lang='lat' dir='ltr'><strong>qni</strong></span> <span class='ocrx_word' id='word_1_123' title='bbox 141 1967 268 2026; x_wconf 85' lang='lat' dir='ltr'><strong>notatur</strong></span> <span class='ocrx_word' id='word_1_124' title='bbox 290 1985 322 2026; x_wconf 90' lang='lat' dir='ltr'><strong>n.</strong></span> <span class='ocrx_word' id='word_1_125' title='bbox 345 1963 425 2045; x_wconf 83' lang='lat'><strong>464,</strong></span> <span class='ocrx_word' id='word_1_126' title='bbox 449 1963 681 2046; x_wconf 79' lang='lat' dir='ltr'><strong>praetermisit,</strong></span> <span class='ocrx_word' id='word_1_127' title='bbox 709 1963 852 2026; x_wconf 86' lang='lat' dir='ltr'><strong>velutin</strong></span> <span class='ocrx_word' id='word_1_128' title='bbox 880 1963 990 2026; x_wconf 87' lang='grc' dir='ltr'><strong>1111Α</strong></span> <span class='ocrx_word' id='word_1_129' title='bbox 1013 1963 1121 2026; x_wconf 86' lang='lat' dir='ltr'><strong>littera</strong></span> <span class='ocrx_word' id='word_1_130' title='bbox 1144 1965 1201 2026; x_wconf 87' lang='lat' dir='ltr'><strong>has</strong></span> 
     </span>
     <span class='ocr_line' id='line_1_16' title="bbox 77 2071 1201 2153; baseline 0.006 -25"><span class='ocrx_word' id='word_1_131' title='bbox 77 2091 169 2136; x_wconf 81' lang='lat' dir='ltr'><strong>voces:</strong></span> <span class='ocrx_word' id='word_1_132' title='bbox 202 2074 331 2150; x_wconf 80' lang='grc' dir='ltr'><strong>ἁγνεία,</strong></span> <span class='ocrx_word' id='word_1_133' title='bbox 366 2073 515 2150; x_wconf 75' lang='grc' dir='ltr'><strong>ἀκειτόν,</strong></span> <span class='ocrx_word' id='word_1_134' title='bbox 544 2073 643 2152; x_wconf 83' lang='grc' dir='ltr'><strong>ἀμᾶν,</strong></span> <span class='ocrx_word' id='word_1_135' title='bbox 676 2073 790 2152; x_wconf 71' lang='grc' dir='ltr'><strong>ἄρκος,</strong></span> <span class='ocrx_word' id='word_1_136' title='bbox 824 2073 911 2153; x_wconf 67' lang='grc' dir='ltr'><strong>ἄχος.</strong></span> <span class='ocrx_word' id='word_1_137' title='bbox 960 2071 1201 2136; x_wconf 84' lang='lat' dir='ltr'><strong>Darmstadino·</strong></span> 
     </span>
     <span class='ocr_line' id='line_1_17' title="bbox 76 2181 1201 2266; baseline 0.004 -25"><span class='ocrx_word' id='word_1_138' title='bbox 76 2200 135 2244; x_wconf 89' lang='lat' dir='ltr'><strong>mm</strong></span> <span class='ocrx_word' id='word_1_139' title='bbox 155 2189 260 2248; x_wconf 87' lang='lat' dir='ltr'><strong>autem</strong></span> <span class='ocrx_word' id='word_1_140' title='bbox 284 2205 355 2246; x_wconf 91' lang='lat' dir='ltr'><strong>cum</strong></span> <span class='ocrx_word' id='word_1_141' title='bbox 378 2183 505 2266; x_wconf 84' lang='lat' dir='ltr'><strong>singula</strong></span> <span class='ocrx_word' id='word_1_142' title='bbox 528 2203 670 2266; x_wconf 82' lang='lat' dir='ltr'><strong>quaeque</strong></span> <span class='ocrx_word' id='word_1_143' title='bbox 692 2181 817 2246; x_wconf 89' lang='lat' dir='ltr'><strong>ostendi</strong></span> <span class='ocrx_word' id='word_1_144' title='bbox 840 2181 957 2264; x_wconf 81' lang='lat' dir='ltr'><strong>possit,</strong></span> <span class='ocrx_word' id='word_1_145' title='bbox 987 2181 1013 2244; x_wconf 91' lang='lat' dir='ltr'><strong>si</strong></span> <span class='ocrx_word' id='word_1_146' title='bbox 1036 2183 1141 2246; x_wconf 91' lang='lat' dir='ltr'><strong>minus</strong></span> <span class='ocrx_word' id='word_1_147' title='bbox 1164 2206 1201 2246; x_wconf 87' lang='lat' dir='ltr'><strong>ex</strong></span> 
     </span>
     <span class='ocr_line' id='line_1_18' title="bbox 76 2289 1201 2376; baseline 0.004 -25"><span class='ocrx_word' id='word_1_148' title='bbox 76 2289 194 2376; x_wconf 88' lang='lat' dir='ltr'><strong>Orione,</strong></span> <span class='ocrx_word' id='word_1_149' title='bbox 227 2297 263 2356; x_wconf 87' lang='grc'><strong>11</strong></span> <span class='ocrx_word' id='word_1_150' title='bbox 285 2313 323 2356; x_wconf 85' lang='lat' dir='ltr'><strong>ex</strong></span> <span class='ocrx_word' id='word_1_151' title='bbox 351 2293 426 2356; x_wconf 89' lang='lat' dir='ltr'><strong>solis</strong></span> <span class='ocrx_word' id='word_1_152' title='bbox 448 2295 556 2356; x_wconf 86' lang='lat' dir='ltr'><strong>tamen</strong></span> <span class='ocrx_word' id='word_1_153' title='bbox 580 2291 810 2376; x_wconf 87' lang='lat' dir='ltr'><strong>Etymologicis</strong></span> <span class='ocrx_word' id='word_1_154' title='bbox 833 2291 977 2373; x_wconf 83' lang='lat' dir='ltr'><strong>fluxisse,</strong></span> <span class='ocrx_word' id='word_1_155' title='bbox 1008 2295 1120 2356; x_wconf 88' lang='lat' dir='ltr'><strong>contro</strong></span> <span class='ocrx_word' id='word_1_156' title='bbox 1143 2293 1201 2356; x_wconf 89' lang='lat' dir='ltr'><strong>Pa·</strong></span> 
     </span>
     <span class='ocr_line' id='line_1_19' title="bbox 76 2399 1201 2488; baseline 0.006 -28"><span class='ocrx_word' id='word_1_157' title='bbox 76 2399 172 2466; x_wconf 87' lang='lat' dir='ltr'><strong>risinis</strong></span> <span class='ocrx_word' id='word_1_158' title='bbox 194 2403 352 2488; x_wconf 86' lang='lat' dir='ltr'><strong>quaedam</strong></span> <span class='ocrx_word' id='word_1_159' title='bbox 381 2403 506 2486; x_wconf 82' lang='lat' dir='ltr'><strong>glossae</strong></span> <span class='ocrx_word' id='word_1_160' title='bbox 529 2407 695 2486; x_wconf 87' lang='lat' dir='ltr'><strong>praeterea</strong></span> <span class='ocrx_word' id='word_1_161' title='bbox 718 2402 893 2466; x_wconf 79' lang='lat' dir='ltr'><strong>adhaerent</strong></span> <span class='ocrx_word' id='word_1_162' title='bbox 920 2402 1050 2466; x_wconf 88' lang='lat' dir='ltr'><strong>infimae</strong></span> <span class='ocrx_word' id='word_1_163' title='bbox 1077 2405 1201 2468; x_wconf 87' lang='lat' dir='ltr'><strong>aetatis.</strong></span> 
     </span>
     <span class='ocr_line' id='line_1_20' title="bbox 75 2507 1202 2596; baseline 0.001 -21"><span class='ocrx_word' id='word_1_164' title='bbox 75 2507 170 2594; x_wconf 77' lang='lat' dir='ltr'><strong>quue</strong></span> <span class='ocrx_word' id='word_1_165' title='bbox 191 2513 334 2596; x_wconf 88' lang='lat' dir='ltr'><strong>pertinet</strong></span> <span class='ocrx_word' id='word_1_166' title='bbox 356 2535 387 2596; x_wconf 89' lang='lat' dir='ltr'><strong>p.</strong></span> <span class='ocrx_word' id='word_1_167' title='bbox 414 2514 490 2596; x_wconf 93' lang='grc'><strong>181,</strong></span> <span class='ocrx_word' id='word_1_168' title='bbox 514 2513 554 2578; x_wconf 77' lang='grc'><strong>21</strong></span> <span class='ocrx_word' id='word_1_169' title='bbox 577 2513 716 2596; x_wconf 90' lang='lat' dir='ltr'><strong>positum</strong></span> <span class='ocrx_word' id='word_1_170' title='bbox 739 2513 934 2590; x_wconf 72' lang='lat' dir='ltr'><strong>saoconna,</strong></span> <span class='ocrx_word' id='word_1_171' title='bbox 965 2513 1043 2576; x_wconf 87' lang='lat' dir='ltr'><strong>satis</strong></span> <span class='ocrx_word' id='word_1_172' title='bbox 1073 2535 1202 2577; x_wconf 85' lang='lat' dir='ltr'><strong>caussae</strong></span> 
     </span>
     <span class='ocr_line' id='line_1_21' title="bbox 77 2621 1202 2708; baseline 0.007 -28"><span class='ocrx_word' id='word_1_173' title='bbox 77 2621 215 2700; x_wconf 86' lang='lat' dir='ltr'><strong>praebere</strong></span> <span class='ocrx_word' id='word_1_174' title='bbox 238 2623 398 2688; x_wconf 75' lang='lat' dir='ltr'><strong>lobeclrio</strong></span> <span class='ocrx_word' id='word_1_175' title='bbox 419 2624 537 2706; x_wconf 85' lang='lat' dir='ltr'><strong>visum,</strong></span> <span class='ocrx_word' id='word_1_176' title='bbox 563 2645 617 2686; x_wconf 89' lang='lat' dir='ltr'><strong>cur</strong></span> <span class='ocrx_word' id='word_1_177' title='bbox 639 2624 673 2686; x_wconf 89' lang='lat' dir='ltr'><strong>in</strong></span> <span class='ocrx_word' id='word_1_178' title='bbox 696 2623 911 2708; x_wconf 86' lang='lat' dir='ltr'><strong>Aglaophami</strong></span> <span class='ocrx_word' id='word_1_179' title='bbox 933 2627 957 2686; x_wconf 96' lang='grc'><strong>1.</strong></span> <span class='ocrx_word' id='word_1_180' title='bbox 981 2623 995 2686; x_wconf 94' lang='grc' dir='ltr'>Ι</span> <span class='ocrx_word' id='word_1_181' title='bbox 1018 2646 1050 2706; x_wconf 94' lang='lat' dir='ltr'><strong>p.</strong></span> <span class='ocrx_word' id='word_1_182' title='bbox 1071 2625 1134 2688; x_wconf 81' lang='lat'><strong>482</strong></span> <span class='ocrx_word' id='word_1_183' title='bbox 1156 2625 1202 2688; x_wconf 89' lang='lat' dir='ltr'><strong>sic</strong></span> 
     </span>
     <span class='ocr_line' id='line_1_22' title="bbox 75 2730 1253 2815; baseline 0.01 -24"><span class='ocrx_word' id='word_1_184' title='bbox 75 2730 246 2798; x_wconf 75' lang='lat' dir='ltr'><strong>adnotaretr</strong></span> <span class='ocrx_word' id='word_1_185' title='bbox 283 2737 339 2798; x_wconf 80' lang='lat' dir='ltr'><strong>Ore&#39;</strong></span> <span class='ocrx_word' id='word_1_186' title='bbox 362 2745 505 2815; x_wconf 76' lang='lat' dir='ltr'><strong>oetatem,</strong></span> <span class='ocrx_word' id='word_1_187' title='bbox 534 2740 588 2798; x_wconf 76' lang='lat' dir='ltr'><strong>dia</strong></span> <span class='ocrx_word' id='word_1_188' title='bbox 614 2745 685 2798; x_wconf 71' lang='lat' dir='ltr'><strong>aare</strong></span> <span class='ocrx_word' id='word_1_189' title='bbox 712 2755 802 2814; x_wconf 82' lang='lat' dir='ltr'><strong>quam</strong></span> <span class='ocrx_word' id='word_1_190' title='bbox 829 2740 1008 2812; x_wconf 74' lang='grc'><strong>1111111111,</strong></span> <span class='ocrx_word' id='word_1_191' title='bbox 1037 2741 1253 2803; x_wconf 64' lang='lat' dir='ltr'><strong>consecranei</strong></span> 
     </span>
     <span class='ocr_line' id='line_1_23' title="bbox 73 2843 1201 2933; baseline 0.008 -32"><span class='ocrx_word' id='word_1_192' title='bbox 73 2861 106 2901; x_wconf 78' lang='lat' dir='ltr'><strong>rx</strong></span> <span class='ocrx_word' id='word_1_193' title='bbox 128 2849 224 2919; x_wconf 75' lang='lat' dir='ltr'><strong>glossa</strong></span> <span class='ocrx_word' id='word_1_194' title='bbox 253 2851 325 2909; x_wconf 76' lang='lat' dir='ltr'><strong>hinc</strong></span> <span class='ocrx_word' id='word_1_195' title='bbox 351 2856 498 2924; x_wconf 74' lang='lat' dir='ltr'><strong>excerpta</strong></span> <span class='ocrx_word' id='word_1_196' title='bbox 526 2850 612 2924; x_wconf 82' lang='lat' dir='ltr'><strong>apud</strong></span> <span class='ocrx_word' id='word_1_197' title='bbox 639 2847 776 2921; x_wconf 74' lang='lat' dir='ltr'><strong>Dacoag.</strong></span> <span class='ocrx_word' id='word_1_198' title='bbox 817 2851 910 2908; x_wconf 80' lang='lat' dir='ltr'><strong>Gloss.</strong></span> <span class='ocrx_word' id='word_1_199' title='bbox 935 2866 970 2924; x_wconf 83' lang='lat' dir='ltr'><strong>p.</strong></span> <span class='ocrx_word' id='word_1_200' title='bbox 998 2843 1201 2933; x_wconf 77' lang='grc'><strong>1010[1038]</strong></span> 
     </span>
     <span class='ocr_line' id='line_1_24' title="bbox 72 2950 1204 3038; baseline 0.005 -26"><span class='ocrx_word' id='word_1_201' title='bbox 72 2950 243 3022; x_wconf 77' lang='grc' dir='ltr'>ὁλοκοτινίν</span> <span class='ocrx_word' id='word_1_202' title='bbox 272 2991 322 3018; x_wconf 90' lang='lat'><strong>-—.</strong></span> <span class='ocrx_word' id='word_1_203' title='bbox 371 2955 410 3017; x_wconf 94' lang='lat' dir='ltr'><strong>ln</strong></span> <span class='ocrx_word' id='word_1_204' title='bbox 437 2955 551 3038; x_wconf 87' lang='lat' dir='ltr'><strong>quibus</strong></span> <span class='ocrx_word' id='word_1_205' title='bbox 582 2957 616 3017; x_wconf 89' lang='grc'><strong>11</strong></span> <span class='ocrx_word' id='word_1_206' title='bbox 647 2953 685 3016; x_wconf 91' lang='lat' dir='ltr'><strong>de</strong></span> <span class='ocrx_word' id='word_1_207' title='bbox 719 2954 907 3038; x_wconf 86' lang='lat' dir='ltr'><strong>integritate</strong></span> <span class='ocrx_word' id='word_1_208' title='bbox 939 2953 1062 3038; x_wconf 88' lang='lat' dir='ltr'><strong>fideque</strong></span> <span class='ocrx_word' id='word_1_209' title='bbox 1091 2955 1204 3018; x_wconf 91' lang='lat' dir='ltr'><strong>horum</strong></span> 
     </span>
     <span class='ocr_line' id='line_1_25' title="bbox 75 3064 1203 3148; baseline 0.005 -26"><span class='ocrx_word' id='word_1_210' title='bbox 75 3069 287 3148; x_wconf 84' lang='lat' dir='ltr'><strong>excerptorum</strong></span> <span class='ocrx_word' id='word_1_211' title='bbox 315 3083 527 3148; x_wconf 88' lang='lat' dir='ltr'><strong>praepropere</strong></span> <span class='ocrx_word' id='word_1_212' title='bbox 554 3064 614 3128; x_wconf 90' lang='lat' dir='ltr'><strong>sibi</strong></span> <span class='ocrx_word' id='word_1_213' title='bbox 644 3065 802 3147; x_wconf 87' lang='lat' dir='ltr'><strong>persuasit</strong></span> <span class='ocrx_word' id='word_1_214' title='bbox 835 3067 867 3127; x_wconf 89' lang='grc'><strong>11</strong></span> <span class='ocrx_word' id='word_1_215' title='bbox 897 3064 1074 3128; x_wconf 88' lang='lat' dir='ltr'><strong>mirabilius</strong></span> <span class='ocrx_word' id='word_1_216' title='bbox 1106 3066 1203 3128; x_wconf 88' lang='lat' dir='ltr'><strong>etiam</strong></span> 
     </span>
     <span class='ocr_line' id='line_1_26' title="bbox 74 3174 1202 3260; baseline 0.007 -28"><span class='ocrx_word' id='word_1_217' title='bbox 74 3191 136 3235; x_wconf 88' lang='lat' dir='ltr'><strong>cum</strong></span> <span class='ocrx_word' id='word_1_218' title='bbox 163 3177 297 3260; x_wconf 86' lang='lat' dir='ltr'><strong>antiquo</strong></span> <span class='ocrx_word' id='word_1_219' title='bbox 325 3175 390 3239; x_wconf 94' lang='lat' dir='ltr'><strong>Oro</strong></span> <span class='ocrx_word' id='word_1_220' title='bbox 417 3175 628 3260; x_wconf 85' lang='lat' dir='ltr'><strong>grammatico</strong></span> <span class='ocrx_word' id='word_1_221' title='bbox 660 3174 780 3237; x_wconf 89' lang='lat' dir='ltr'><strong>editum</strong></span> <span class='ocrx_word' id='word_1_222' title='bbox 810 3175 1004 3258; x_wconf 86' lang='lat' dir='ltr'><strong>permutavit</strong></span> <span class='ocrx_word' id='word_1_223' title='bbox 1037 3175 1202 3242; x_wconf 89' lang='lat' dir='ltr'><strong>Orionem:</strong></span> 
     </span>
     <span class='ocr_line' id='line_1_27' title="bbox 71 3283 1203 3369; baseline 0.005 -25"><span class='ocrx_word' id='word_1_224' title='bbox 71 3301 155 3362; x_wconf 88' lang='lat' dir='ltr'><strong>quem</strong></span> <span class='ocrx_word' id='word_1_225' title='bbox 175 3306 316 3349; x_wconf 89' lang='lat' dir='ltr'><strong>errorem</strong></span> <span class='ocrx_word' id='word_1_226' title='bbox 339 3305 411 3348; x_wconf 89' lang='lat' dir='ltr'><strong>cum</strong></span> <span class='ocrx_word' id='word_1_227' title='bbox 426 3283 605 3349; x_wconf 86' lang='lat' dir='ltr'><strong>Brunckius</strong></span> <span class='ocrx_word' id='word_1_228' title='bbox 624 3285 784 3369; x_wconf 87' lang='lat' dir='ltr'><strong>praeierat</strong></span> <span class='ocrx_word' id='word_1_229' title='bbox 803 3285 837 3348; x_wconf 91' lang='lat' dir='ltr'><strong>in</strong></span> <span class='ocrx_word' id='word_1_230' title='bbox 853 3285 1079 3369; x_wconf 86' lang='lat' dir='ltr'><strong>Aristophanis</strong></span> <span class='ocrx_word' id='word_1_231' title='bbox 1094 3285 1203 3350; x_wconf 83' lang='lat' dir='ltr'><strong>Eccle-</strong></span> 
     </span>
     <span class='ocr_line' id='line_1_28' title="bbox 72 3389 1203 3462; baseline 0.004 -6"><span class='ocrx_word' id='word_1_232' title='bbox 72 3389 138 3456; x_wconf 80' lang='lat' dir='ltr'><strong>siaa.</strong></span> <span class='ocrx_word' id='word_1_233' title='bbox 167 3419 197 3460; x_wconf 86' lang='lat' dir='ltr'><strong>v.</strong></span> <span class='ocrx_word' id='word_1_234' title='bbox 227 3397 290 3462; x_wconf 81' lang='grc'><strong>981</strong></span> <span class='ocrx_word' id='word_1_235' title='bbox 320 3399 387 3459; x_wconf 89' lang='lat' dir='ltr'><strong>tum</strong></span> <span class='ocrx_word' id='word_1_236' title='bbox 415 3417 481 3460; x_wconf 89' lang='lat' dir='ltr'><strong>non</strong></span> <span class='ocrx_word' id='word_1_237' title='bbox 511 3395 589 3459; x_wconf 88' lang='lat' dir='ltr'><strong>satis</strong></span> <span class='ocrx_word' id='word_1_238' title='bbox 621 3396 707 3460; x_wconf 86' lang='lat' dir='ltr'><strong>cavit</strong></span> <span class='ocrx_word' id='word_1_239' title='bbox 737 3395 967 3460; x_wconf 81' lang='lat' dir='ltr'><strong>Valckenarius</strong></span> <span class='ocrx_word' id='word_1_240' title='bbox 995 3395 1142 3460; x_wconf 87' lang='lat' dir='ltr'><strong>Diatriba</strong></span> <span class='ocrx_word' id='word_1_241' title='bbox 1169 3398 1203 3460; x_wconf 92' lang='lat' dir='ltr'><strong>in</strong></span> 
     </span>
     <span class='ocr_line' id='line_1_29' title="bbox 50 3499 1203 3606; baseline 0.006 -44"><span class='ocrx_word' id='word_1_242' title='bbox 50 3499 249 3606; x_wconf 70' lang='lat' dir='ltr'><strong>¹Euripidem</strong></span> <span class='ocrx_word' id='word_1_243' title='bbox 276 3529 309 3590; x_wconf 91' lang='lat' dir='ltr'><strong>p.</strong></span> <span class='ocrx_word' id='word_1_244' title='bbox 333 3507 405 3570; x_wconf 87' lang='lat'>303.</span> <span class='ocrx_word' id='word_1_245' title='bbox 451 3505 654 3570; x_wconf 88' lang='lat' dir='ltr'><strong>Istiusmodi</strong></span> <span class='ocrx_word' id='word_1_246' title='bbox 683 3509 789 3570; x_wconf 87' lang='lat' dir='ltr'><strong>autem</strong></span> <span class='ocrx_word' id='word_1_247' title='bbox 816 3506 941 3590; x_wconf 83' lang='lat' dir='ltr'><strong>glossae</strong></span> <span class='ocrx_word' id='word_1_248' title='bbox 964 3506 990 3570; x_wconf 90' lang='lat' dir='ltr'><strong>si</strong></span> <span class='ocrx_word' id='word_1_249' title='bbox 1013 3507 1047 3570; x_wconf 92' lang='lat' dir='ltr'><strong>in</strong></span> <span class='ocrx_word' id='word_1_250' title='bbox 1076 3507 1203 3570; x_wconf 87' lang='lat' dir='ltr'><strong>Orionis</strong></span> 
     </span>
     <span class='ocr_line' id='line_1_30' title="bbox 72 3609 1203 3700; baseline 0.009 -30"><span class='ocrx_word' id='word_1_251' title='bbox 72 3609 165 3678; x_wconf 85' lang='lat' dir='ltr'><strong>lexico</strong></span> <span class='ocrx_word' id='word_1_252' title='bbox 186 3617 264 3680; x_wconf 88' lang='lat' dir='ltr'><strong>olim</strong></span> <span class='ocrx_word' id='word_1_253' title='bbox 287 3617 502 3698; x_wconf 79' lang='lat' dir='ltr'><strong>exstitissent,</strong></span> <span class='ocrx_word' id='word_1_254' title='bbox 532 3637 587 3680; x_wconf 89' lang='lat' dir='ltr'><strong>cur</strong></span> <span class='ocrx_word' id='word_1_255' title='bbox 608 3638 673 3680; x_wconf 89' lang='lat' dir='ltr'><strong>non</strong></span> <span class='ocrx_word' id='word_1_256' title='bbox 696 3617 827 3700; x_wconf 87' lang='lat' dir='ltr'><strong>reperiri</strong></span> <span class='ocrx_word' id='word_1_257' title='bbox 850 3617 884 3679; x_wconf 90' lang='lat' dir='ltr'><strong>in</strong></span> <span class='ocrx_word' id='word_1_258' title='bbox 906 3615 1136 3700; x_wconf 84' lang='lat' dir='ltr'><strong>Etymologicis</strong></span> <span class='ocrx_word' id='word_1_259' title='bbox 1159 3617 1203 3680; x_wconf 92' lang='lat' dir='ltr'><strong>di-</strong></span> 
     </span>
     <span class='ocr_line' id='line_1_31' title="bbox 71 3727 1204 3810; baseline 0.005 -26"><span class='ocrx_word' id='word_1_260' title='bbox 71 3741 135 3803; x_wconf 83' lang='lat' dir='ltr'><strong>eas,</strong></span> <span class='ocrx_word' id='word_1_261' title='bbox 171 3727 205 3790; x_wconf 92' lang='lat' dir='ltr'><strong>in</strong></span> <span class='ocrx_word' id='word_1_262' title='bbox 235 3749 318 3810; x_wconf 90' lang='lat' dir='ltr'><strong>quae</strong></span> <span class='ocrx_word' id='word_1_263' title='bbox 346 3727 484 3810; x_wconf 88' lang='lat' dir='ltr'><strong>reliquas</strong></span> <span class='ocrx_word' id='word_1_264' title='bbox 514 3728 643 3792; x_wconf 88' lang='lat' dir='ltr'><strong>Orionis</strong></span> <span class='ocrx_word' id='word_1_265' title='bbox 673 3727 855 3792; x_wconf 85' lang='lat' dir='ltr'><strong>notationes</strong></span> <span class='ocrx_word' id='word_1_266' title='bbox 888 3727 1042 3790; x_wconf 84' lang='lat' dir='ltr'><strong>transisse</strong></span> <span class='ocrx_word' id='word_1_267' title='bbox 1069 3727 1204 3792; x_wconf 89' lang='lat' dir='ltr'><strong>vidimus</strong></span> 
     </span>
     <span class='ocr_line' id='line_1_32' title="bbox 70 3813 412 3898; baseline 0.02 -6"><span class='ocrx_word' id='word_1_268' title='bbox 70 3833 197 3898; x_wconf 83' lang='lat' dir='ltr'><strong>omnes?</strong></span> <span class='ocrx_word' id='word_1_269' title='bbox 409 3813 412 3822; x_wconf 72' lang='lat'>‚</span> 
     </span>
     <span class='ocr_line' id='line_1_33' title="bbox 587 3925 682 4005; baseline 0 -15"><span class='ocrx_word' id='word_1_270' title='bbox 587 3926 607 4005; x_wconf 64' lang='grc' dir='ltr'><strong>θ</strong></span> <span class='ocrx_word' id='word_1_271' title='bbox 632 3925 682 3990; x_wconf 88' lang='grc'><strong>13.</strong></span> 
     </span>
    </p>

    <p class='ocr_par' dir='ltr' id='par_1_4' title="bbox 70 4053 1336 4476">
     <span class='ocr_line' id='line_1_34' title="bbox 149 4053 1204 4144; baseline 0 -22"><span class='ocrx_word' id='word_1_272' title='bbox 149 4053 267 4132; x_wconf 84' lang='lat' dir='ltr'><strong>Quodsi</strong></span> <span class='ocrx_word' id='word_1_273' title='bbox 295 4079 360 4122; x_wconf 91' lang='lat' dir='ltr'><strong>uon</strong></span> <span class='ocrx_word' id='word_1_274' title='bbox 388 4057 551 4144; x_wconf 87' lang='lat' dir='ltr'><strong>integrum</strong></span> <span class='ocrx_word' id='word_1_275' title='bbox 578 4060 689 4126; x_wconf 86' lang='lat' dir='ltr'><strong>haberi</strong></span> <span class='ocrx_word' id='word_1_276' title='bbox 717 4059 845 4126; x_wconf 89' lang='lat' dir='ltr'><strong>Orionis</strong></span> <span class='ocrx_word' id='word_1_277' title='bbox 872 4059 1007 4124; x_wconf 85' lang='lat' dir='ltr'><strong>lexicum</strong></span> <span class='ocrx_word' id='word_1_278' title='bbox 1036 4057 1095 4123; x_wconf 87' lang='lat' dir='ltr'><strong>hac</strong></span> <span class='ocrx_word' id='word_1_279' title='bbox 1119 4061 1204 4122; x_wconf 85' lang='lat' dir='ltr'><strong>certo</strong></span> 
     </span>
     <span class='ocr_line' id='line_1_35' title="bbox 70 4163 1204 4255; baseline 0.007 -29"><span class='ocrx_word' id='word_1_280' title='bbox 70 4163 119 4227; x_wconf 80' lang='lat' dir='ltr'><strong>ria</strong></span> <span class='ocrx_word' id='word_1_281' title='bbox 145 4169 271 4232; x_wconf 84' lang='lat' dir='ltr'><strong>ostendi</strong></span> <span class='ocrx_word' id='word_1_282' title='bbox 300 4171 427 4254; x_wconf 87' lang='lat' dir='ltr'><strong>nequit,</strong></span> <span class='ocrx_word' id='word_1_283' title='bbox 457 4193 591 4255; x_wconf 87' lang='lat' dir='ltr'><strong>aequum</strong></span> <span class='ocrx_word' id='word_1_284' title='bbox 619 4175 668 4234; x_wconf 85' lang='lat' dir='ltr'><strong>est</strong></span> <span class='ocrx_word' id='word_1_285' title='bbox 695 4192 760 4234; x_wconf 91' lang='lat' dir='ltr'><strong>nou</strong></span> <span class='ocrx_word' id='word_1_286' title='bbox 788 4170 889 4233; x_wconf 84' lang='lat' dir='ltr'><strong>taceri</strong></span> <span class='ocrx_word' id='word_1_287' title='bbox 922 4169 1083 4234; x_wconf 89' lang='lat' dir='ltr'><strong>contraria</strong></span> <span class='ocrx_word' id='word_1_288' title='bbox 1111 4191 1204 4254; x_wconf 89' lang='lat' dir='ltr'><strong>argu-</strong></span> 
     </span>
     <span class='ocr_line' id='line_1_36' title="bbox 70 4280 1336 4364; baseline 0.007 -28"><span class='ocrx_word' id='word_1_289' title='bbox 70 4281 191 4358; x_wconf 85' lang='lat' dir='ltr'><strong>menta,</strong></span> <span class='ocrx_word' id='word_1_290' title='bbox 223 4280 335 4362; x_wconf 88' lang='lat' dir='ltr'><strong>quibus</strong></span> <span class='ocrx_word' id='word_1_291' title='bbox 364 4285 449 4344; x_wconf 86' lang='lat' dir='ltr'><strong>certe</strong></span> <span class='ocrx_word' id='word_1_292' title='bbox 477 4282 682 4345; x_wconf 88' lang='lat' dir='ltr'><strong>summarium</strong></span> <span class='ocrx_word' id='word_1_293' title='bbox 710 4303 774 4344; x_wconf 93' lang='lat' dir='ltr'><strong>non</strong></span> <span class='ocrx_word' id='word_1_294' title='bbox 803 4303 871 4343; x_wconf 88' lang='lat' dir='ltr'><strong>esse</strong></span> <span class='ocrx_word' id='word_1_295' title='bbox 893 4281 959 4343; x_wconf 89' lang='lat' dir='ltr'><strong>sive</strong></span> <span class='ocrx_word' id='word_1_296' title='bbox 983 4283 1117 4364; x_wconf 85' lang='lat' dir='ltr'><strong>cogatur</strong></span> <span class='ocrx_word' id='word_1_297' title='bbox 1139 4281 1205 4344; x_wconf 83' lang='lat' dir='ltr'><strong>sive</strong></span> <span class='ocrx_word' id='word_1_298' title='bbox 1332 4303 1336 4312; x_wconf 87' lang='grc'><strong>’</strong></span> 
     </span>
     <span class='ocr_line' id='line_1_37' title="bbox 71 4386 1204 4476; baseline 0.004 -27"><span class='ocrx_word' id='word_1_299' title='bbox 71 4386 232 4463; x_wconf 87' lang='lat' dir='ltr'><strong>probetur.</strong></span> <span class='ocrx_word' id='word_1_300' title='bbox 286 4390 405 4474; x_wconf 81' lang='lat' dir='ltr'><strong>Ecquis</strong></span> <span class='ocrx_word' id='word_1_301' title='bbox 436 4393 542 4456; x_wconf 88' lang='lat' dir='ltr'><strong>autem</strong></span> <span class='ocrx_word' id='word_1_302' title='bbox 574 4391 666 4456; x_wconf 90' lang='lat' dir='ltr'><strong>huius</strong></span> <span class='ocrx_word' id='word_1_303' title='bbox 703 4391 788 4456; x_wconf 90' lang='lat' dir='ltr'><strong>modi</strong></span> <span class='ocrx_word' id='word_1_304' title='bbox 828 4389 1018 4454; x_wconf 85' lang='lat' dir='ltr'><strong>breviarium</strong></span> <span class='ocrx_word' id='word_1_305' title='bbox 1055 4413 1204 4476; x_wconf 88' lang='lat' dir='ltr'><strong>umquam</strong></span> 
     </span>
    </p>
   </div>
   <div class='ocr_carea' id='block_1_4' title="bbox 0 0 1482 5134">
    <p class='ocr_par' dir='ltr' id='par_1_5' title="bbox 0 0 1482 5134">
     <span class='ocr_line' id='line_1_38' title="bbox 0 0 1482 5134; baseline 0 2"><span class='ocrx_word' id='word_1_306' title='bbox 0 0 1482 5134; x_wconf 95' lang='lat' dir='ltr'><strong> </strong></span> 
     </span>
    </p>
   </div>
  </div>
 </body>
</html>
