2990 5140
471 356 507 402 ιν
529 356 812 405 λιιιυτονυλπυυ.
1149 343 1209 404 201

62 513 182 590 με’νοις
196 513 228 590 ·ἢ
256 512 333 589 μηδὲ
360 510 446 575 άλως
474 515 575 576 ταῦτα
602 511 768 576 θεάςαςθαι
797 512 816 590 ἢ
842 513 904 591 ,καί
931 512 1135 591 θεαςαμένοις
1162 513 1213 576 καί

63 623 299 698 άναγνοιοῡςιν
322 620 518 700 άναιςθήτως
541 621 626 701 ἐχειν
653 622 693 687 τά
720 623 864 701 μάλιςτα·
892 627 991 687 ταῦτα
1013 625 1080 687 τοῖς
1107 622 1212 687 τοιού-

62 753 139 797 τοις
168 735 306 811 κομψοῖς
334 733 384 795 καί
411 732 647 813 οὐρανοβάμοςι
676 733 762 811 ςοφά
788 735 895 798 τεκαὶ
923 732 1028 798 ὄντως
1056 733 1136 798 ὄντα
1158 738 1211 798 δο-

20 861 48 897 20
63 843 187 909 κείτων
210 843 260 906 καί
282 841 491 921 ἀληθέςτατα,
513 843 586 923 ἡμῖν
608 845 643 907 δὲ
666 846 733 908 τοῖς
756 844 948 922 περιπεζίοις
963 865 997 909 τε
1020 845 1069 908 καί
1091 843 1213 907 ὑλαίοις

62 956 119 1018 καὶ
142 956 301 1032 μηδαμοῦ
330 956 481 1032 μηδαμῶς
513 955 591 1032 μηδὲ
619 955 654 1018 ἓν
682 954 877 1034 βιβλιδάριον
907 953 1081 1030 άναγνοῦςι
1108 953 1213 1019 πάντα

63 1063 199 1144 ἐκφυλά
230 1083 265 1128 τε
297 1066 427 1128 δοκοῡςι
459 1064 509 1127 καὶ
541 1062 721 1143 άποδάςμια
753 1067 804 1128 καί
837 1063 984 1144 άληθείας
1012 1064 1213 1143 πορρωτάτω

62 1175 266 1253 ἐκτρέχοντα
291 1174 342 1238 καὶ
369 1174 536 1256 κωμῳδίας
564 1175 677 1240 ἐπάξια
706 1175 749 1240 ὡς
779 1175 937 1253 τριςάθλια
963 1177 1014 1239 καί
1040 1173 1214 1254 τριςταλαί-

63 1283 316 1362 πωραέκγονα
343 1285 463 1365 φρενὸς
491 1285 685 1365 ἐξεςτηκυίας
712 1287 956 1364 πεπαταγμένης
983 1286 1033 1348 καί
1059 1285 1213 1360 άπαγοῡς.

21 1413 48 1448 ω
64 1395 198 1460 Δεινὸν
221 1395 283 1473 γάρ
305 1395 345 1460 ἂν
367 1395 415 1474 εἴη
438 1396 488 1460 καὶ
503 1394 640 1471 άτοπον,
663 1395 690 1460 εί
704 1395 870 1476 Εὐριπίδη(
893 1395 1013 1460 οὐκῶν
1032 1395 1214 1476 φιλόςοφος

63 1505 285 1589 ἐκωμῳδήθη,
308 1505 450 1586 ςώφρων
473 1507 596 1584 μάλλον
618 1505 718 1570 εἰπὼν
734 1507 753 1571 ὁ
769 1508 914 1585 πανδαὴς
934 1507 983 1569 καί
1006 1505 1143 1584 αἰθέριος
1165 1507 1215 1570 καί

64 1615 198 1680 πάντας
226 1615 337 1680 άπλῶς
366 1617 489 1697 ςοφοὺς
518 1616 677 1694 διαςάρων
706 1618 814 1697 ψυχὴν
843 1617 1091 1696 άθανατωτέραν
1114 1615 1213 1680 εἰπὼν

64 1728 119 1789 καὶ
149 1723 246 1805 μυρία
275 1727 414 1805 μυριάκις
448 1727 540 1806 ἕτερα
572 1725 694 1804 ἄτοπα,
728 1726 754 1792 εί
780 1729 821 1806 μή
849 1727 907 1793 κᾶν
935 1727 980 1791 ὡς
1011 1725 1215 1807 άφιλόςοφος

64 1835 298 1916 Εὐριπίδης-
319 1835 401 1901 άλλά
422 1857 475 1914 μοι
496 1837 772 1916 παρατροχάςαντι
787 1836 883 1904 τόςαν
899 1835 995 1903 πάλιν
1011 1836 1213 1915 ἀναληπτέον

24 1975 50 2013 ω
63 1950 128 2010 τοῦ
153 1945 257 2022 λόγου
278 1947 318 2010 τά
338 1947 449 2026 καίρια.

158 2055 189 2118 2.
222 2055 264 2122 Αἱ
287 2059 422 2135 ςκηνικαὶ
444 2058 560 2138 βίβλοι,
590 2057 638 2122 ιίιν
664 2059 714 2121 καὶ
736 2058 767 2122 αἱ
788 2062 842 2136 τῆς
867 2059 1034 2140 κωμῳδίας
1055 2057 1139 2133 είςίν,
1168 2059 1213 2122 ὼς
1234 2069 1281 2117 112

65 2167 120 2230 καί
149 2167 328 2247 προλαβὼν
355 2167 517 2248 πρότερον
548 2167 672 2247 εἴρηκα,
701 2169 750 2232 καὶ
779 2169 973 2248 ὠρθωθηςαν
1002 2169 1052 2232 καί
1079 2170 1213 2233 πολλοῖς

66 2277 227 2356 ἀνδράςιν
250 2277 493 2358 ἐπεξηγήθηςαν,
516 2281 566 2344 καί
588 2279 711 2358 ἥκιςτον
735 2281 753 2358 ἣ
777 2279 942 2358 ἐλάχιςτον
959 2278 998 2343 τά
1022 2278 1213 2358 ἐπιλήψιμον

64 2389 210 2466 ἔχουςιν.

39 2529 51 2566 ο
159 2498 191 2560 3.
222 2499 306 2562 Ἐπεί
332 2501 368 2563 δὲ
396 2500 519 2581 (απφὼ
550 2501 585 2564 ςὺ
607 2502 665 2580 τὴν
688 2501 766 2580 ἐμὴν
789 2501 906 2564 ἐθέλεις
931 2505 977 2584 τῷ
1000 2503 1060 2565 νῦν
1082 2499 1212 2578 ἐμφιλο-

65 2611 225 2687 χορεῦςαι
253 2609 465 2688 ςυγγράμματι
492 2610 543 2674 καί
562 2611 620 2688 τὴν
645 2613 754 2691 Γοργὼ
779 2611 874 2674 δὲτὸ
899 2611 1096 2688 Κλεομένους
1119 2608 1213 2685 θυγά-

65 2738 164 2798 τριον
196 2719 304 2782 Πειθώ
338 2740 372 2784 τε
405 2720 455 2783 καί
487 2723 544 2798 τὴν
578 2721 916 2801 μεγαλοπρεπεςτάτην
947 2720 1133 2798 Πολυμνίαν
1165 2720 1215 2783 καί

65 2828 266 2908 Ἀφροδίτην
297 2830 399 2905 λόγου
431 2831 482 2894 καί
516 2831 650 2911 Χάριτας
685 2833 906 2910 περιχορεθςαι
938 2831 975 2894 τὸ
1011 2829 1214 2908 ἐναρμόνιον,

65 2941 116 3002 τοὶ
141 2939 202 3016 μὲν
224 2939 309 3015 ἐγὼν
332 2940 430 3018 ἐρέω,
458 2941 494 3005 ςὺ
518 2941 553 3004 δέ
581 2941 694 3005 ςάνθεο
722 2941 771 3004 καί
800 2961 858 3018 μευ
885 2939 1032 3006 άκουςον.
1076 2939 1215 3018 Ἱςτορία.

29 3073 53 3107 ω
66 3051 103 3114 Ἠ
122 3049 251 3129 (απφὼ
282 3052 389 3128 μελῶν
418 3051 556 3128 λυρικῶν
584 3050 707 3130 ὑπῆρχε
736 3050 882 3129 ποιήτρια
910 3049 1107 3127 Μιτυληναία
1136 3047 1215 3112 οὖςα

64 3165 113 3242 τῷ
146 3159 250 3235 γένει,
279 3159 578 3238 (καμανδρωνύμου
609 3161 763 3239 θυγάτηρ·
798 3159 940 3238 Χάραξος
974 3162 1008 3223 δὲ
1043 3159 1082 3236 ἦν
1118 3159 1214 3238 αὐτῆς

66 3269 234 3348 ἀδελφάς,
263 3269 301 3332 ὃς
328 3271 387 3347 τὴν
408 3269 568 3335 Ῥόδωπιν
596 3271 654 3348 τὴν
683 3269 821 3348 ἑταιρίδα
848 3269 882 3332 ἐκ
904 3269 1034 3333 Ξάνθου
1058 3270 1214 3348 ὠνηςατο,

65 3380 236 3456 Ἰάδμονος
268 3379 388 3457 δούλην
420 3379 635 3459 ὑπάρχουςαν,
667 3379 845 3447 ςύνδουλον
881 3381 916 3443 δὲ
943 3381 1002 3442 τοῦ
1034 3380 1213 3453 λογοποιοῦ

65 3492 117 3552 καὶ
143 3489 358 3570 μυθογράφου
381 3489 538 3566 Αἰςιίιπου,
561 3491 731 3574 καὶταύτῃ
755 3493 865 3568 ςυνῆν·
894 3489 943 3552 καί
964 3489 1082 3552 τούτου
1105 3488 1214 3552 ἕνεκεν

30 3601 85 3676 ιτὴ
116 3599 247 3678 ἀδελφὴ
274 3599 392 3664 τούτου
415 3601 538 3682 (απφὼ
566 3601 651 3678 μέλει
680 3601 728 3665 ἐνὶ
750 3604 815 3664 τῶν
843 3599 939 3678 αὐτῆς
961 3598 1152 3664 καθάπτεται
1175 3597 1214 3661 οὐ

66 3707 209 3788 μετρίως
231 3758 447 3774 ........
470 3711 605 3791 Ἱςτορία.
651 3712 671 3775 Γ
673 3713 759 3789 οργὼ
788 3711 823 3773 δέ
851 3709 989 3787 θυγάτηρ
1017 3707 1056 3785 ἦν
1081 3708 1213 3785 Κλεομέ-

66 3839 151 3883 νους
175 3821 235 3882 τοῦ
257 3819 462 3898 (παρτιατῶν
485 3821 653 3900 βαςιλέως,
676 3823 757 3899 γυνὴ
781 3821 815 3884 δὲ
831 3817 995 3884 Λεωνίδου
1010 3818 1134 3882 ἐκείνου
1156 3821 1214 3882 τοῦ

141 4125 184 4174 18.
205 4121 265 4187 [ser.
285 4123 461 4186 άναγνοθςιν.
480 4121 509 4176 F.
528 4123 572 4192 λλ]
647 4129 688 4176 21.
709 4123 802 4189 πάντη
821 4121 881 4176 eod.
951 4128 974 4174 δ.
994 4123 1214 4186 ἐμφιλοχορῶςαι

68 4213 130 4266 ςοά.
161 4213 224 4280 [scr.
248 4215 480 4282 ἐμφιλοχωρῆςαι.
504 4215 534 4270 λ’.
557 4217 601 4284 λλ]
683 4221 723 4269 12.
748 4217 875 4283 ῥοδόπην
893 4217 923 4267 δέ
941 4215 975 4267 τὸ
994 4216 1058 4280 ὁρος
1078 4229 1214 4280 suprascr.

68 4391 145 4428 man,
167 4391 222 4428 sec.
294 4381 332 4430 λθ.
352 4375 374 4428 Ε
393 4375 486 4432 codice
505 4375 639 4444 descripsi
661 4376 714 4431 ita:
733 4309 903 4443 άχετίῖχαυάο
921 4371 1051 4428 coniicias
1070 4375 1214 4440 δεύτερον.
