2982 5146
308 395 354 442 me
378 397 469 442 ιιιοο.
494 395 594 443 ιοιικ.
620 395 663 442 mc
686 395 901 444 etsismmmo.
1124 379 1184 442 125

54 557 129 614 milia
157 557 335 627 nonaqintn,
367 555 457 612 sicali
482 553 579 626 refert
652 549 798 614 ἀλλὰκαὶ
814 555 880 614 τῶν
897 549 1007 613 ἄλλων
1028 547 1183 614 ἁπάντων

55 665 244 724 t'atlimaclcns
299 665 416 722 aalieas
473 667 575 737 reniae
651 661 756 724 ἐθνῶν
779 659 868 736 ἦτον.
895 657 973 737 ἠταν
995 661 1095 724 δὲκαὶ
1117 667 1183 723 τῶν

54 775 299 845 bibliothecarius,
330 775 492 848 meletiam
514 775 573 833 sin·
600 784 633 831 35
649 770 801 848 Ἑβραίων
825 769 941 834 αὐτῶν.
977 771 1034 833 τὰτ
1062 773 1100 848 δὴ
1125 769 1184 835 οὖν

53 887 123 956 ovilis
157 884 352 962 velaminibus
387 885 487 943 titulos
531 887 573 942 in·
651 883 717 943 τῶν
761 879 869 944 ἄλλων
921 879 1025 943 ἐθνῶν
1071 883 1185 959 τοφοῑτ

53 997 171 1068 scripsit.
207 995 277 1052 Fuit
307 1001 487 1067 praeterea,
523 995 577 1067 qni
651 989 782 1068 ἀνὸράκι
803 990 860 1066 τήν
883 1009 917 1052 τε
934 989 1052 1055 οἰκείαν
1067 991 1185 1070 φωνὴν

55 1105 121 1160 idem
153 1107 319 1180 asseverat,
358 1103 574 1162 Eratosthenes
650 1099 708 1176 τήν
737 1119 770 1163 τε
798 1103 864 1163 τῶν
890 1099 1052 1176 Ἑλλήνων
1080 1101 1186 1162 καλῶ(

55 1229 104 1271 non
138 1215 181 1272 ita
215 1215 307 1272 molto
339 1220 410 1288 past
441 1215 572 1272 eittetlem
651 1209 746 1272 εἰδότι
761 1209 816 1272 τὰ(
838 1209 870 1274 ἐξ
892 1209 1024 1274 ἐκάετου
1045 1209 1186 1273 ἑκάττοι(

55 1323 355 1382 emtoslilrliotlieeae.
379 1324 573 1382 llaeeaatem
592 1343 627 1390 to
651 1317 831 1402 ἐγχειρίτατΙ
857 1319 961 1382 οὕτω(
995 1319 1185 1398 ἑρμηνεοθῆ-
1203 1333 1219 1378 ,ν

51 1431 167 1502 sacrant
201 1436 331 1492 omnium
367 1435 499 1505 nentium
538 1449 576 1490 ac
652 1449 704 1492 ναι
730 1429 828 1492 αὐτὰ(
857 1429 1030 1506 πεποίηκεν
1057 1429 1100 1493 εἰ(
1127 1433 1185 1508 τὴν

54 1543 210 1614 linaaarom
237 1559 319 1616 quae
345 1543 456 1600 labere
476 1543 577 1616 noluit
651 1538 786 1602 Ἑλλάδα
807 1541 933 1619 φωνήν.
957 1541 1012 1603 τὰ(
1035 1542 1069 1602 δὲ
1085 1559 1186 1618 τκηνι-

55 1653 133 1709 ancta
158 1655 323 1725 columina,
357 1669 435 1726 qaae
462 1667 576 1710 samma
653 1649 709 1712 κὰτ
733 1649 939 1727 Ἀλέξανδρός
954 1669 998 1716 τε,
1022 1649 1067 1711 ὼε
1083 1649 1185 1728 ἔφθην

56 1761 199 1832 liliaentia
235 1779 294 1818 rec
330 1763 381 1820 illc
423 1765 453 1820 in
490 1777 576 1820 snam
654 1757 770 1834 εἰπὼν,
802 1759 851 1822 καὶ
884 1758 1064 1838 Λυκόφρων
1092 1763 1185 1838 διωρ-

55 1871 174 1943 linquam
192 1870 270 1942 fecit
292 1872 330 1930 ab
346 1873 464 1946 optimis
488 1872 578 1930 inter·
601 1883 634 1930 45
653 1869 813 1932 θῶκαντο·
851 1869 908 1932 τὰ(
952 1867 986 1932 δὲ
1024 1871 1186 1946 ποιητικὰ(

54 1982 174 2051 metilns
222 1983 368 2040 eonaerti.
441 1983 575 2040 Ceteram
653 1977 839 2056 Ζηνόδοτος
861 1982 1009 2058 πρῶτον,
1030 1979 1079 2041 καὶ
1101 1979 1186 2042 ὕττε-

59 2089 217 2150 Pisistratus
282 2109 420 2164 sparsam
490 2095 577 2166 prim
653 2109 712 2168 ρον
736 2089 935 2167 Ἀρίτταρχοτ
951 2089 1183 2166 διωρθῶταντο.

58 2199 167 2258 Homeri
203 2204 318 2276 poesim
362 2211 433 2260 ante
477 2202 575 2260 Ptole-
655 2199 759 2262 Καίτοι
787 2199 843 2261 τὰτ
865 2197 1032 2277 Ὁμηρικὰ(
1055 2199 1186 2296 ἐβδομή-

56 2324 157 2368 maeam
204 2311 435 2385 Philadelphum
490 2314 578 2370 annis
652 2328 751 2372 κοντα
793 2307 853 2371 δύο
896 2309 1099 2386 γραμματικοὶ
1136 2307 1188 2370 ἐπὶ

57 2419 177 2478 incentis
202 2431 230 2480 et
264 2439 300 2480 eo
327 2424 415 2479 etiam
449 2423 578 2496 amplias
601 2431 634 2476 50
650 2418 875 2496 Πειειττράτου
917 2421 975 2481 τοῦ
1012 2417 1186 2494 Ἀθηναίων

56 2530 159 2588 sollerti
176 2549 252 2590 rara
280 2533 310 2590 in
334 2549 371 2590 ea
397 2547 576 2606 quaenam
653 2527 813 2605 τυράννου
862 2527 1008 2605 διέθηκαν
1060 2527 1187 2597 οὑτωκί,

57 2646 150 2696 extant
170 2641 287 2716 reiecit
309 2643 475 2712 notamina,
508 2659 577 2700 mas
653 2637 816 2717 τποράδην
832 2637 928 2700 οὔταε
950 2637 988 2700 τὸ
1005 2635 1090 2714 πρίν.
1115 2637 1186 2700 ἐπε-

59 2748 94 2804 ml
111 2749 162 2808 lac
177 2767 249 2824 opas
266 2753 400 2810 tlioinam
424 2753 576 2810 iritlmtria
653 2749 801 2826 κρίθηεαν
829 2749 865 2810 δὲ
893 2749 959 2810 κατ’
989 2745 1087 2810 αὐτὸν
1110 2745 1187 2810 ἐκεῖ-

59 2863 455 2928 mmttaorceleberrimoram
468 2869 574 2920 etern-
653 2877 713 2922 νον
735 2859 793 2922 τὸν
820 2857 931 2934 καιρὸν
955 2855 1008 2919 ὑπ’
1031 2857 1186 2934 Ἀριττάρ-

60 2967 425 3043 etitisrimornmleominnm,
440 2972 578 3030 nielelicet
600 2987 634 3034 oo
653 2989 713 3046 χοα
750 2969 800 3031 καὶ
835 2965 1039 3045 Ζηνοδότου,
1077 2964 1187 3029 ἄλλων

61 3076 180 3152 ίόιιτρθ,
208 3079 397 3140 (momacriti
419 3081 576 3140 Athenien·
638 3075 764 3141 ’ὄντων
779 3078 905 3142 τούτων
920 3081 986 3141 τῶν
1002 3077 1054 3140 ἐπὶ
1065 3077 1186 3140 Πτολε-

59 3186 103 3256 sis,
150 3189 264 3267 Zopyri
307 3191 506 3250 Heracleotae
551 3199 579 3248 et
654 3188 747 3266 μαίου
788 3187 1043 3266 διορθωτάντων.
1087 3186 1117 3250 οἱ
1153 3188 1188 3249 δὲ

61 3292 159 3368 (lonlei
171 3301 374 3360 Crotoniatae.
415 3299 491 3360 Νααι
510 3319 577 3359 car-
652 3298 792 3376 τέτταρτί
824 3317 881 3360 τιτι
913 3299 970 3374 τὴν
1003 3297 1055 3360 ἐπὶ
1085 3282 1188 3359 Πειτι-

57 3407 120 3474 otim
138 3411 221 3481 prins
238 3411 386 3470 Homerus
407 3419 435 3468 et
458 3414 578 3470 nonnisi
654 3407 788 3486 ετράτου
810 3407 977 3486 διόρθωτιν
1004 3405 1187 3484 ἀναφέρου-

60 3513 222 3585 liliatam
265 3522 430 3592 leaeoatar.
503 3519 576 3590 (lain
603 3531 635 3578 oo
653 3536 715 3592 (ιν,
741 3517 853 3596 Ὀρφεῖ
876 3517 1095 3600 Κροτωνιάτῃ,
1118 3515 1188 3579 Ζω-

61 3626 134 3682 etiam
159 3637 224 3702 post
246 3629 398 3689 Pisistrati
420 3647 525 3689 caram
552 3639 580 3688 et
656 3629 749 3710 πύρῳ
789 3627 1007 3710 Ἡρακλεώτῃ,
1052 3626 1188 3703 Ὀνομα-

62 3731 208 3797 maman·
232 3743 420 3813 attinentium
446 3743 578 3799 Aristar·
656 3737 750 3820 κρίτιρ
781 3737 933 3821 Ἀθηναίῳ
964 3737 1012 3800 καὶ
1045 3757 1104 3811 καγ
1137 3737 1189 3800 ἐπὶ

62 3843 123 3902 ctas
136 3847 232 3907 atilae
249 3853 389 3909 ecaetias
408 3853 438 3909 in
455 3851 581 3908 Homeri
655 3848 801 3921 κογκύλω
845 3847 977 3925 ὕττερον
1008 3849 1043 3911 δὲ
1071 3847 1188 3910 ταύτα(

62 3953 226 4017 elimandam
261 3961 466 4019 collectionem
504 3963 574 4033 eiai-
654 3955 778 4020 ἀπάτα(
801 3957 944 4035 τκηνικάτ
966 3978 999 4021 τε
1027 3959 1076 4021 καὶ
1099 3977 1188 4034 ποιη-

62 4061 132 4122 lom't.
177 4067 356 4129 Heliodorus
378 4073 472 4128 malta
490 4073 580 4130 aliter
604 4083 636 4128 co
654 4067 739 4131 τικάτ
793 4069 942 4132 πλεῑττον
997 4068 1189 4145 ἐξηγηταντο

63 4221 96 4272 ill,
114 4235 234 4276 asseveret
252 4225 310 4277 cod.
393 4233 435 4280 40.
454 4231 499 4278 leee
517 4225 576 4279 cod.
654 4233 694 4282 34.
708 4227 808 4280 ἐθνῶν·
823 4228 893 4292 ἠταν
906 4227 936 4280 δέ
949 4226 991 4279 Cr.
1036 4233 1076 4281 ot.
1091 4229 1189 4294 ἄνθρα-

64 4314 97 4365 56.
114 4317 232 4373 οιλειιίενί,
253 4317 312 4370 cod.
377 4325 417 4371 60.
437 4322 496 4382 Qum
516 4319 574 4372 cod.
654 4337 694 4372 (ιν
707 4317 749 4372 Cr.
811 4325 852 4375 39.
865 4321 892 4374 ἐξ
911 4321 1028 4373 ἐκάετου
1039 4321 1189 4388 ἐγχειρίταε

654 4411 696 4466 Cr.
767 4419 807 4470 αθ,
827 4431 878 4466 τιτι
896 4420 956 4468 τῶν
973 4417 1018 4468 inl
1038 4412 1079 4467 Cr.
