2990 5140
469 387 506 433 m
528 385 811 434 anrsrornnuan.
1148 369 1209 433 237

61 539 149 602 riam
179 538 276 602 solita
305 537 485 623 sagacitate
512 537 674 602 revocavit
702 537 900 622 Droysenus,
930 538 1055 602 etiamsi
1080 538 1140 620 sic,
1175 543 1211 602 ut

62 648 127 732 ipsi
152 648 257 711 visum
279 648 405 730 est‚·de
427 649 574 712 omnibus
597 651 774 730 constaret,
802 671 867 712 non
890 653 1082 733 pugnarent.

154 758 289 822 Praeter
303 758 558 842 expectationem
580 757 712 841 accidit,
737 763 787 839 ut,
812 780 882 822 cum
904 759 1118 824 Ambrosiana
1140 781 1210 842 pro-

61 868 275 952 legomenaa
295 867 446 932 Plautino
467 868 588 932 scholio
611 868 781 933 defendere
803 869 1015 952 studeremus,
1040 869 1212 934 maximam

62 983 196 1061 partem
218 1001 342 1060 eorum,
371 1000 453 1063 quae
472 978 512 1042 de
534 978 708 1044 Ptolemaei
731 979 935 1064 Philadelphi
962 979 1157 1044 bibliotheca
1180 983 1212 1042 et

61 1089 105 1152 de
129 1089 353 1174 grammaticis
367 1088 596 1153 Alexandrinis
618 1089 737 1154 tradita
758 1093 848 1173 sunt,
872 1090 931 1153 snb
953 1089 1104 1154 iudicium
1120 1111 1210 1154 voca-

61 1221 186 1262 remus.
232 1199 292 1262 Illa
320 1203 427 1263 autem
454 1221 535 1283 quae
563 1202 639 1264 sunt
665 1199 705 1263 de
731 1199 861 1264 Homeri
890 1201 1084 1264 carminibus
1111 1199 1212 1282 deque

61 1309 252 1372 fabularum
284 1311 429 1392 partibus
462 1314 495 1374 et
527 1331 642 1374 scenae
675 1311 873 1374 ornamentis
880 1359 888 1393 ,
923 1310 950 1374 si
983 1309 1057 1394 quid
1092 1331 1129 1373 ex
1163 1309 1212 1372 his

61 1441 194 1503 quoque
217 1419 338 1483 utiliter
354 1419 462 1505 colligi
485 1424 597 1504 queat,
621 1421 771 1504 quoniam
793 1424 848 1485 aut
863 1419 1039 1484 omittenda
1060 1423 1135 1484 sunt
1157 1423 1213 1482 aut

62 1530 198 1612 copiose
212 1529 399 1612 tractanda,
424 1531 479 1594 alii
493 1531 631 1614 tempori
647 1535 679 1594 et
693 1532 827 1595 aliorum
843 1531 1013 1600 eniditioni
1034 1530 1212 1614 relinquere

62 1643 226 1722 praestat.
271 1639 307 1703 ld
330 1663 428 1704 unum
450 1640 566 1705 addere
588 1641 683 1724 libet,
708 1640 861 1724 siquidem
881 1640 971 1704 video
993 1641 1117 1704 futuros
1133 1661 1211 1719 esse,

61 1750 121 1832 qui
138 1749 180 1812 de
196 1753 308 1834 quarto
323 1751 379 1815 illo
396 1750 611 1832 Onomacriti,
636 1751 773 1835 Orphei,
798 1751 914 1835 Zopyri
936 1751 969 1814 in
986 1749 1213 1834 componendis

62 1858 204 1923 Homeri
229 1861 422 1925 carminibus
445 1863 530 1926 socio
553 1863 616 1925 iarn
640 1861 756 1926 certius
780 1861 989 1926 constitutum
1010 1860 1051 1924 iri
1070 1861 1210 1943 sperent,
1231 1877 1280 1926 ‘rur

62 1971 136 2032 eius
153 1991 272 2034 nomen
294 1972 358 2036 iam
380 1971 415 2035 in
437 1971 492 2035 illo
514 1972 612 2054 libre,
636 1993 698 2056 quo
720 1993 794 2036 usus
810 1976 858 2035 est
873 1971 1006 2054 Treba,
1031 1973 1212 2054 corruptum

62 2102 176 2163 neque
191 2081 233 2143 ab
255 2081 315 2145 hoc
337 2081 407 2164 ipso
429 2081 629 2146 intellectum
652 2082 760 2146 fuisse.
801 2081 898 2146 Cuius
913 2083 960 2146 rei
977 2084 1098 2146 certum
1120 2079 1212 2143 docu-

62 2193 216 2254 mentum
238 2194 288 2254 est
308 2191 386 2274 hoc,
416 2191 498 2276 quod
522 2214 594 2256 oum
617 2193 668 2258 ἐπὶ
695 2193 933 2276 praepositione
956 2191 1213 2276 conglutinatum

62 2303 102 2364 in
132 2305 268 2384 utroque
290 2301 457 2384 'prooemio
490 2303 592 2386 primo
621 2303 690 2366 loco
719 2303 857 2386 positum
885 2305 943 2366 est.
1002 2301 1115 2384 Itaque
1143 2321 1213 2362 cum

61 2410 150 2474 illud
175 2412 227 2475 ἐπ1
249 2413 287 2474 etr
315 2412 494 2496 antiquiore
522 2413 612 2476 fonte
634 2412 812 2476 derivatum
835 2433 903 2474 esse
925 2411 1085 2492 videatur,
1115 2431 1214 2492 eoque

60 2523 199 2584 servato
226 2521 278 2584 vix
301 2543 321 2586 a
343 2521 444 2586 vocali
474 2523 583 2586 littera
611 2545 719 2594 verum
747 2543 864 2586 nomen
892 2521 1033 2604 incipere
1063 2519 1212 2603 potuerit,

62 2631 117 2693 vel
143 2631 207 2695 hac
236 2631 274 2694 de
297 2653 392 2696 eausa
420 2655 485 2696 non
515 2633 724 2716 probabiliter
744 2632 988 2717 Bernhardyum
1010 2629 1130 2694 Annal.
1155 2627 1213 2690 Be-

63 2741 128 2804 rol.
161 2763 194 2823 p.
219 2741 282 2806 835
309 2745 342 2805 et
369 2741 454 2806 Hist.
485 2743 548 2808 litt.
578 2765 685 2828 graec.
715 2743 801 2827 Hp.
831 2743 871 2808 68
902 2744 941 2807 de
968 2741 1069 2806 Euclo
1097 2739 1214 2823 Cyprio

63 2850 234 2934 cogitasse
263 2849 361 2916 dieas.
411 2853 460 2916 Eo
488 2857 595 2918 autem
628 2857 737 2936 erepto
770 2854 832 2916 nisi
865 2853 934 2936 quis
967 2851 1065 2915 alium
1097 2849 1214 2913 aetatis

62 2960 282 3024 Pisistrateae
296 2961 413 3045 virum,
437 2962 470 3025 id
492 2963 575 3046 quod
590 2985 655 3028 non
672 2963 768 3026 facile
783 2963 851 3026 lieri
872 2963 1006 3046 poterit,
1029 2959 1213 3040 substituat,

62 3071 123 3152 iis,
150 3070 267 3153 quibus
288 3070 327 3135 de
350 3072 503 3157 legitimis
524 3094 712 3158 graecorum
735 3073 898 3137 nominum
924 3071 1036 3136 formis
1063 3089 1215 3154 quaerere

61 3181 197 3263 placet,
222 3202 272 3242 res
293 3182 502 3267 relinquenda
524 3188 584 3248 est.
