<?xml version="1.0" encoding="UTF-8"?>
<!DOCTYPE html PUBLIC "-//W3C//DTD XHTML 1.0 Transitional//EN"
    "http://www.w3.org/TR/xhtml1/DTD/xhtml1-transitional.dtd">
<html xmlns="http://www.w3.org/1999/xhtml" xml:lang="en" lang="en">
 <head>
  <title>
</title>
<meta http-equiv="Content-Type" content="text/html;charset=utf-8" />
  <meta name='ocr-system' content='tesseract 3.04.00' />
  <meta name='ocr-capabilities' content='ocr_page ocr_carea ocr_par ocr_line ocrx_word'/>
</head>
<body>
  <div class='ocr_page' id='page_1' title='image "./fridericiritsch04ritsgoog_0769.png"; bbox 0 0 3052 5136; ppageno 0'>
   <div class='ocr_carea' id='block_1_1' title="bbox 311 354 1059 420">
    <p class='ocr_par' dir='ltr' id='par_1_1' title="bbox 311 354 1059 420">
     <span class='ocr_line' id='line_1_1' title="bbox 311 354 1059 420; baseline 0.003 -2"><span class='ocrx_word' id='word_1_1' title='bbox 311 354 372 418; x_wconf 73' lang='lat'><strong>710</strong></span> <span class='ocrx_word' id='word_1_2' title='bbox 703 373 863 418; x_wconf 68' lang='lat' dir='ltr'><strong>sessola</strong></span> <span class='ocrx_word' id='word_1_3' title='bbox 886 372 1059 420; x_wconf 74' lang='lat' dir='ltr'><strong>carrucas.</strong></span> 
     </span>
    </p>
   </div>
   <div class='ocr_carea' id='block_1_2' title="bbox 261 525 1422 2811">
    <p class='ocr_par' dir='ltr' id='par_1_2' title="bbox 308 525 1419 832">
     <span class='ocr_line' id='line_1_2' title="bbox 310 525 1417 612; baseline 0.002 -24"><span class='ocrx_word' id='word_1_4' title='bbox 310 525 430 588; x_wconf 76' lang='lat' dir='ltr'><strong>Contra</strong></span> <span class='ocrx_word' id='word_1_5' title='bbox 457 525 490 588; x_wconf 90' lang='lat' dir='ltr'><strong>in</strong></span> <span class='ocrx_word' id='word_1_6' title='bbox 519 525 647 608; x_wconf 82' lang='lat' dir='ltr'><strong>Septem</strong></span> <span class='ocrx_word' id='word_1_7' title='bbox 677 526 716 588; x_wconf 92' lang='lat' dir='ltr'><strong>ad</strong></span> <span class='ocrx_word' id='word_1_8' title='bbox 751 526 878 590; x_wconf 84' lang='lat' dir='ltr'>Thebas</span> <span class='ocrx_word' id='word_1_9' title='bbox 906 549 933 591; x_wconf 92' lang='lat' dir='ltr'><strong>v.</strong></span> <span class='ocrx_word' id='word_1_10' title='bbox 957 530 995 591; x_wconf 99' lang='lat'><strong>51</strong></span> <span class='ocrx_word' id='word_1_11' title='bbox 1030 529 1072 611; x_wconf 81' lang='lat' dir='ltr'><strong>[p.</strong></span> <span class='ocrx_word' id='word_1_12' title='bbox 1095 528 1168 611; x_wconf 81' lang='lat'><strong>307,</strong></span> <span class='ocrx_word' id='word_1_13' title='bbox 1191 529 1213 591; x_wconf 80' lang='lat'><strong>4</strong></span> <span class='ocrx_word' id='word_1_14' title='bbox 1240 528 1340 612; x_wconf 82' lang='lat' dir='ltr'><strong>Diod]</strong></span> <span class='ocrx_word' id='word_1_15' title='bbox 1359 529 1417 590; x_wconf 81' lang='lat' dir='ltr'><strong>haec</strong></span> 
     </span>
     <span class='ocr_line' id='line_1_3' title="bbox 309 635 1419 722; baseline 0.005 -26"><span class='ocrx_word' id='word_1_16' title='bbox 309 635 472 717; x_wconf 85' lang='lat' dir='ltr'><strong>scripserit</strong></span> <span class='ocrx_word' id='word_1_17' title='bbox 500 657 628 698; x_wconf 86' lang='lat' dir='ltr'><strong>necesse</strong></span> <span class='ocrx_word' id='word_1_18' title='bbox 657 639 705 698; x_wconf 88' lang='lat' dir='ltr'><strong>est</strong></span> <span class='ocrx_word' id='word_1_19' title='bbox 734 636 920 700; x_wconf 87' lang='lat' dir='ltr'><strong>scholiasta:</strong></span> <span class='ocrx_word' id='word_1_20' title='bbox 950 641 1001 702; x_wconf 86' lang='grc' dir='ltr'><strong>διὰ</strong></span> <span class='ocrx_word' id='word_1_21' title='bbox 1024 639 1134 722; x_wconf 76' lang='grc' dir='ltr'>ετόμα]</span> <span class='ocrx_word' id='word_1_22' title='bbox 1168 640 1309 704; x_wconf 85' lang='grc' dir='ltr'>αὐτῶν·</span> <span class='ocrx_word' id='word_1_23' title='bbox 1335 640 1352 717; x_wconf 87' lang='grc' dir='ltr'><strong>ἡ</strong></span> <span class='ocrx_word' id='word_1_24' title='bbox 1374 639 1419 702; x_wconf 81' lang='lat' dir='ltr'><strong>al</strong></span> 
     </span>
     <span class='ocr_line' id='line_1_4' title="bbox 308 746 957 832; baseline 0.006 -25"><span class='ocrx_word' id='word_1_25' title='bbox 308 766 335 807; x_wconf 91' lang='lat' dir='ltr'><strong>e.</strong></span> <span class='ocrx_word' id='word_1_26' title='bbox 359 768 389 829; x_wconf 91' lang='lat' dir='ltr'><strong>q.</strong></span> <span class='ocrx_word' id='word_1_27' title='bbox 414 768 438 808; x_wconf 89' lang='lat' dir='ltr'><strong>s.</strong></span> <span class='ocrx_word' id='word_1_28' title='bbox 463 746 668 830; x_wconf 87' lang='lat' dir='ltr'><strong>[vulgabatur</strong></span> <span class='ocrx_word' id='word_1_29' title='bbox 691 748 814 813; x_wconf 85' lang='grc' dir='ltr'>ἑαυτῶν</span> <span class='ocrx_word' id='word_1_30' title='bbox 838 749 856 826; x_wconf 92' lang='grc' dir='ltr'>ἢ</span> <span class='ocrx_word' id='word_1_31' title='bbox 880 750 957 832; x_wconf 67' lang='grc' dir='ltr'>διὰ]</span> 
     </span>
    </p>

    <p class='ocr_par' dir='ltr' id='par_1_3' title="bbox 304 855 1422 2262">
     <span class='ocr_line' id='line_1_5' title="bbox 392 855 1419 922; baseline 0.001 -3"><span class='ocrx_word' id='word_1_32' title='bbox 392 855 453 919; x_wconf 83' lang='lat' dir='ltr'><strong>Sed</strong></span> <span class='ocrx_word' id='word_1_33' title='bbox 476 879 546 920; x_wconf 90' lang='lat' dir='ltr'><strong>cum</strong></span> <span class='ocrx_word' id='word_1_34' title='bbox 570 857 705 920; x_wconf 89' lang='lat' dir='ltr'><strong>nolimus</strong></span> <span class='ocrx_word' id='word_1_35' title='bbox 732 856 767 920; x_wconf 89' lang='lat' dir='ltr'><strong>in</strong></span> <span class='ocrx_word' id='word_1_36' title='bbox 790 857 903 920; x_wconf 88' lang='lat' dir='ltr'><strong>harum</strong></span> <span class='ocrx_word' id='word_1_37' title='bbox 931 879 1037 921; x_wconf 90' lang='lat' dir='ltr'><strong>rerum</strong></span> <span class='ocrx_word' id='word_1_38' title='bbox 1064 857 1208 921; x_wconf 72' lang='lat' dir='ltr'>exilitate</span> <span class='ocrx_word' id='word_1_39' title='bbox 1236 858 1349 922; x_wconf 88' lang='lat' dir='ltr'><strong>versari</strong></span> <span class='ocrx_word' id='word_1_40' title='bbox 1371 858 1419 920; x_wconf 91' lang='lat' dir='ltr'><strong>diu·</strong></span> 
     </span>
     <span class='ocr_line' id='line_1_6' title="bbox 307 966 1421 1052; baseline 0 -24"><span class='ocrx_word' id='word_1_41' title='bbox 307 967 386 1049; x_wconf 89' lang='lat' dir='ltr'><strong>tius,</strong></span> <span class='ocrx_word' id='word_1_42' title='bbox 416 967 604 1030; x_wconf 75' lang='lat' dir='ltr'><strong>revertimur</strong></span> <span class='ocrx_word' id='word_1_43' title='bbox 636 967 676 1030; x_wconf 90' lang='lat' dir='ltr'><strong>ad</strong></span> <span class='ocrx_word' id='word_1_44' title='bbox 704 966 951 1052; x_wconf 81' lang='lat' dir='ltr'><strong>Aeschylum.</strong></span> <span class='ocrx_word' id='word_1_45' title='bbox 985 968 1048 1032; x_wconf 75' lang='lat' dir='ltr'><strong>Vbi</strong></span> <span class='ocrx_word' id='word_1_46' title='bbox 1080 989 1174 1052; x_wconf 91' lang='lat' dir='ltr'><strong>quem</strong></span> <span class='ocrx_word' id='word_1_47' title='bbox 1196 970 1379 1051; x_wconf 80' lang='lat' dir='ltr'><strong>reposuimus</strong></span> <span class='ocrx_word' id='word_1_48' title='bbox 1395 968 1421 1029; x_wconf 90' lang='lat' dir='ltr'><strong>in</strong></span> 
     </span>
     <span class='ocr_line' id='line_1_7' title="bbox 307 1077 1420 1162; baseline -0.001 -23"><span class='ocrx_word' id='word_1_49' title='bbox 307 1078 500 1158; x_wconf 87' lang='lat' dir='ltr'><strong>paroemiaci</strong></span> <span class='ocrx_word' id='word_1_50' title='bbox 523 1078 586 1140; x_wconf 89' lang='lat' dir='ltr'><strong>fine</strong></span> <span class='ocrx_word' id='word_1_51' title='bbox 608 1078 795 1160; x_wconf 83' lang='lat' dir='ltr'><strong>molossum,</strong></span> <span class='ocrx_word' id='word_1_52' title='bbox 820 1100 891 1141; x_wconf 89' lang='lat' dir='ltr'><strong>eum</strong></span> <span class='ocrx_word' id='word_1_53' title='bbox 914 1078 1036 1141; x_wconf 85' lang='lat' dir='ltr'><strong>idoneis</strong></span> <span class='ocrx_word' id='word_1_54' title='bbox 1052 1078 1173 1162; x_wconf 76' lang='lat' dir='ltr'><strong>aliquot</strong></span> <span class='ocrx_word' id='word_1_55' title='bbox 1191 1079 1337 1162; x_wconf 81' lang='lat' dir='ltr'><strong>exemplis</strong></span> <span class='ocrx_word' id='word_1_56' title='bbox 1352 1077 1420 1140; x_wconf 84' lang='lat' dir='ltr'><strong>Gais-</strong></span> 
     </span>
     <span class='ocr_line' id='line_1_8' title="bbox 307 1186 1421 1272; baseline 0.002 -24"><span class='ocrx_word' id='word_1_57' title='bbox 307 1186 427 1250; x_wconf 83' lang='lat' dir='ltr'><strong>sordius</strong></span> <span class='ocrx_word' id='word_1_58' title='bbox 450 1189 640 1271; x_wconf 71' lang='lat' dir='ltr'><strong>approbavit</strong></span> <span class='ocrx_word' id='word_1_59' title='bbox 662 1189 702 1251; x_wconf 88' lang='lat' dir='ltr'><strong>ad</strong></span> <span class='ocrx_word' id='word_1_60' title='bbox 724 1188 899 1271; x_wconf 90' lang='lat' dir='ltr'><strong>Hephaest.</strong></span> <span class='ocrx_word' id='word_1_61' title='bbox 923 1212 954 1272; x_wconf 89' lang='lat' dir='ltr'><strong>p.</strong></span> <span class='ocrx_word' id='word_1_62' title='bbox 978 1189 1041 1254; x_wconf 73' lang='lat'><strong>288</strong></span> <span class='ocrx_word' id='word_1_63' title='bbox 1066 1189 1139 1272; x_wconf 79' lang='lat'>[104</span> <span class='ocrx_word' id='word_1_64' title='bbox 1155 1190 1204 1252; x_wconf 91' lang='lat' dir='ltr'><strong>ed.</strong></span> <span class='ocrx_word' id='word_1_65' title='bbox 1228 1189 1299 1252; x_wconf 79' lang='lat' dir='ltr'><strong>alt:</strong></span> <span class='ocrx_word' id='word_1_66' title='bbox 1321 1189 1365 1251; x_wconf 84' lang='lat' dir='ltr'><strong>cui</strong></span> <span class='ocrx_word' id='word_1_67' title='bbox 1382 1209 1421 1250; x_wconf 82' lang='lat' dir='ltr'><strong>ue</strong></span> 
     </span>
     <span class='ocr_line' id='line_1_9' title="bbox 307 1297 1419 1362; baseline -0.001 -4"><span class='ocrx_word' id='word_1_68' title='bbox 307 1298 371 1360; x_wconf 86' lang='lat' dir='ltr'><strong>scio</strong></span> <span class='ocrx_word' id='word_1_69' title='bbox 395 1320 450 1361; x_wconf 91' lang='lat' dir='ltr'><strong>cur</strong></span> <span class='ocrx_word' id='word_1_70' title='bbox 478 1321 543 1361; x_wconf 89' lang='lat' dir='ltr'><strong>non</strong></span> <span class='ocrx_word' id='word_1_71' title='bbox 571 1297 746 1362; x_wconf 86' lang='lat' dir='ltr'><strong>addiderim</strong></span> <span class='ocrx_word' id='word_1_72' title='bbox 774 1299 813 1362; x_wconf 87' lang='lat' dir='ltr'><strong>G.</strong></span> <span class='ocrx_word' id='word_1_73' title='bbox 845 1298 1067 1362; x_wconf 88' lang='lat' dir='ltr'><strong>Hermannum</strong></span> <span class='ocrx_word' id='word_1_74' title='bbox 1092 1299 1197 1362; x_wconf 79' lang='lat' dir='ltr'><strong>Elem.</strong></span> <span class='ocrx_word' id='word_1_75' title='bbox 1227 1300 1322 1362; x_wconf 87' lang='lat' dir='ltr'><strong>doctr.</strong></span> <span class='ocrx_word' id='word_1_76' title='bbox 1348 1305 1419 1360; x_wconf 84' lang='lat' dir='ltr'><strong>metr.</strong></span> 
     </span>
     <span class='ocr_line' id='line_1_10' title="bbox 306 1406 1421 1492; baseline -0.004 -21"><span class='ocrx_word' id='word_1_77' title='bbox 306 1429 337 1490; x_wconf 93' lang='lat' dir='ltr'><strong>p.</strong></span> <span class='ocrx_word' id='word_1_78' title='bbox 362 1409 447 1491; x_wconf 76' lang='grc'><strong>3181.</strong></span> <span class='ocrx_word' id='word_1_79' title='bbox 493 1409 542 1472; x_wconf 86' lang='lat' dir='ltr'><strong>Ac</strong></span> <span class='ocrx_word' id='word_1_80' title='bbox 570 1409 652 1492; x_wconf 89' lang='lat' dir='ltr'><strong>quod</strong></span> <span class='ocrx_word' id='word_1_81' title='bbox 681 1431 777 1492; x_wconf 87' lang='lat' dir='ltr'><strong>supra</strong></span> <span class='ocrx_word' id='word_1_82' title='bbox 803 1431 855 1473; x_wconf 88' lang='lat' dir='ltr'><strong>me</strong></span> <span class='ocrx_word' id='word_1_83' title='bbox 882 1409 1064 1473; x_wconf 88' lang='lat' dir='ltr'><strong>offendebat</strong></span> <span class='ocrx_word' id='word_1_84' title='bbox 1092 1410 1127 1473; x_wconf 92' lang='lat' dir='ltr'><strong>in</strong></span> <span class='ocrx_word' id='word_1_85' title='bbox 1155 1414 1270 1489; x_wconf 76' lang='grc' dir='ltr'>εωτῆρι</span> <span class='ocrx_word' id='word_1_86' title='bbox 1296 1430 1376 1487; x_wconf 82' lang='lat' dir='ltr'><strong>voce,</strong></span> <span class='ocrx_word' id='word_1_87' title='bbox 1398 1406 1421 1468; x_wconf 90' lang='lat' dir='ltr'><strong>id</strong></span> 
     </span>
     <span class='ocr_line' id='line_1_11' title="bbox 307 1517 1422 1603; baseline -0.001 -23"><span class='ocrx_word' id='word_1_88' title='bbox 307 1518 414 1580; x_wconf 88' lang='lat' dir='ltr'><strong>nescio</strong></span> <span class='ocrx_word' id='word_1_89' title='bbox 437 1541 479 1581; x_wconf 88' lang='lat' dir='ltr'><strong>an</strong></span> <span class='ocrx_word' id='word_1_90' title='bbox 503 1541 567 1582; x_wconf 89' lang='lat' dir='ltr'><strong>non</strong></span> <span class='ocrx_word' id='word_1_91' title='bbox 590 1519 631 1582; x_wconf 90' lang='lat' dir='ltr'><strong>sit</strong></span> <span class='ocrx_word' id='word_1_92' title='bbox 654 1520 688 1582; x_wconf 87' lang='lat' dir='ltr'><strong>iu</strong></span> <span class='ocrx_word' id='word_1_93' title='bbox 710 1519 801 1582; x_wconf 89' lang='lat' dir='ltr'><strong>hiatu</strong></span> <span class='ocrx_word' id='word_1_94' title='bbox 816 1520 970 1603; x_wconf 86' lang='lat' dir='ltr'><strong>positum,</strong></span> <span class='ocrx_word' id='word_1_95' title='bbox 995 1519 1049 1584; x_wconf 91' lang='lat' dir='ltr'><strong>sed</strong></span> <span class='ocrx_word' id='word_1_96' title='bbox 1072 1520 1106 1584; x_wconf 92' lang='lat' dir='ltr'><strong>in</strong></span> <span class='ocrx_word' id='word_1_97' title='bbox 1127 1519 1284 1583; x_wconf 84' lang='lat' dir='ltr'><strong>brevitate</strong></span> <span class='ocrx_word' id='word_1_98' title='bbox 1305 1517 1422 1602; x_wconf 82' lang='lat' dir='ltr'><strong>syllabae</strong></span> 
     </span>
     <span class='ocr_line' id='line_1_12' title="bbox 307 1629 1421 1712; baseline 0 -23"><span class='ocrx_word' id='word_1_99' title='bbox 307 1629 427 1692; x_wconf 83' lang='lat' dir='ltr'><strong>finalis:</strong></span> <span class='ocrx_word' id='word_1_100' title='bbox 452 1629 539 1691; x_wconf 87' lang='lat' dir='ltr'><strong>cuius</strong></span> <span class='ocrx_word' id='word_1_101' title='bbox 562 1630 701 1692; x_wconf 88' lang='lat' dir='ltr'><strong>tenuitas</strong></span> <span class='ocrx_word' id='word_1_102' title='bbox 725 1630 825 1692; x_wconf 89' lang='lat' dir='ltr'><strong>multo</strong></span> <span class='ocrx_word' id='word_1_103' title='bbox 848 1632 897 1692; x_wconf 86' lang='lat' dir='ltr'><strong>est</strong></span> <span class='ocrx_word' id='word_1_104' title='bbox 918 1630 1096 1712; x_wconf 77' lang='lat' dir='ltr'><strong>molestior,</strong></span> <span class='ocrx_word' id='word_1_105' title='bbox 1124 1629 1179 1693; x_wconf 93' lang='lat' dir='ltr'><strong>ubi</strong></span> <span class='ocrx_word' id='word_1_106' title='bbox 1207 1629 1358 1712; x_wconf 89' lang='lat' dir='ltr'><strong>spondeus</strong></span> <span class='ocrx_word' id='word_1_107' title='bbox 1380 1649 1421 1689; x_wconf 87' lang='lat' dir='ltr'><strong>an·</strong></span> 
     </span>
     <span class='ocr_line' id='line_1_13' title="bbox 305 1738 1420 1823; baseline -0.001 -24"><span class='ocrx_word' id='word_1_108' title='bbox 305 1739 423 1801; x_wconf 86' lang='lat' dir='ltr'><strong>teeedit</strong></span> <span class='ocrx_word' id='word_1_109' title='bbox 445 1762 540 1821; x_wconf 86' lang='lat' dir='ltr'><strong>quam</strong></span> <span class='ocrx_word' id='word_1_110' title='bbox 567 1739 621 1802; x_wconf 91' lang='lat' dir='ltr'><strong>ubi</strong></span> <span class='ocrx_word' id='word_1_111' title='bbox 646 1739 800 1822; x_wconf 88' lang='lat' dir='ltr'><strong>dactylus.</strong></span> <span class='ocrx_word' id='word_1_112' title='bbox 846 1740 945 1822; x_wconf 81' lang='lat' dir='ltr'><strong>Atqui</strong></span> <span class='ocrx_word' id='word_1_113' title='bbox 973 1739 1051 1803; x_wconf 92' lang='lat' dir='ltr'><strong>illud</strong></span> <span class='ocrx_word' id='word_1_114' title='bbox 1080 1739 1239 1823; x_wconf 78' lang='lat' dir='ltr'><strong>corrigere</strong></span> <span class='ocrx_word' id='word_1_115' title='bbox 1267 1761 1329 1802; x_wconf 88' lang='lat' dir='ltr'><strong>non</strong></span> <span class='ocrx_word' id='word_1_116' title='bbox 1354 1738 1420 1810; x_wconf 77' lang='lat' dir='ltr'><strong>licet,</strong></span> 
     </span>
     <span class='ocr_line' id='line_1_14' title="bbox 305 1848 1421 1932; baseline 0.001 -23"><span class='ocrx_word' id='word_1_117' title='bbox 305 1848 379 1930; x_wconf 88' lang='lat' dir='ltr'><strong>quia</strong></span> <span class='ocrx_word' id='word_1_118' title='bbox 401 1849 482 1911; x_wconf 89' lang='lat' dir='ltr'><strong>istae</strong></span> <span class='ocrx_word' id='word_1_119' title='bbox 504 1849 639 1911; x_wconf 76' lang='lat' dir='ltr'><strong>schedae</strong></span> <span class='ocrx_word' id='word_1_120' title='bbox 670 1849 734 1912; x_wconf 88' lang='lat' dir='ltr'><strong>iam</strong></span> <span class='ocrx_word' id='word_1_121' title='bbox 761 1853 836 1912; x_wconf 88' lang='lat' dir='ltr'><strong>sunt</strong></span> <span class='ocrx_word' id='word_1_122' title='bbox 858 1849 1044 1932; x_wconf 84' lang='lat' dir='ltr'><strong>typothetae</strong></span> <span class='ocrx_word' id='word_1_123' title='bbox 1066 1848 1214 1912; x_wconf 87' lang='lat' dir='ltr'><strong>manibus</strong></span> <span class='ocrx_word' id='word_1_124' title='bbox 1237 1848 1374 1912; x_wconf 83' lang='lat' dir='ltr'><strong>traditae.</strong></span> <span class='ocrx_word' id='word_1_125' title='bbox 1390 1882 1421 1895; x_wconf 86' lang='lat'><strong>-</strong></span> 
     </span>
     <span class='ocr_line' id='line_1_15' title="bbox 306 1957 1421 2042; baseline -0.004 -22"><span class='ocrx_word' id='word_1_126' title='bbox 306 1957 475 2021; x_wconf 87' lang='lat' dir='ltr'><strong>Praeterea</strong></span> <span class='ocrx_word' id='word_1_127' title='bbox 498 1958 580 2041; x_wconf 90' lang='lat' dir='ltr'><strong>quod</strong></span> <span class='ocrx_word' id='word_1_128' title='bbox 602 1961 818 2039; x_wconf 79' lang='grc' dir='ltr'>πολεμάρχα(</span> <span class='ocrx_word' id='word_1_129' title='bbox 844 1959 982 2042; x_wconf 87' lang='lat' dir='ltr'><strong>praetuli</strong></span> <span class='ocrx_word' id='word_1_130' title='bbox 1010 1958 1093 2042; x_wconf 86' lang='lat' dir='ltr'><strong>apud</strong></span> <span class='ocrx_word' id='word_1_131' title='bbox 1121 1957 1329 2041; x_wconf 82' lang='lat' dir='ltr'><strong>Aeschyhmr‚</strong></span> <span class='ocrx_word' id='word_1_132' title='bbox 1354 1961 1421 2019; x_wconf 82' lang='lat' dir='ltr'><strong>recte</strong></span> 
     </span>
     <span class='ocr_line' id='line_1_16' title="bbox 304 2040 1420 2150; baseline -0.004 -21"><span class='ocrx_word' id='word_1_133' title='bbox 304 2040 425 2131; x_wconf 80' lang='lat' dir='ltr'><strong>t&#39;acturh</strong></span> <span class='ocrx_word' id='word_1_134' title='bbox 447 2072 534 2150; x_wconf 87' lang='lat' dir='ltr'><strong>puto.</strong></span> <span class='ocrx_word' id='word_1_135' title='bbox 580 2068 670 2131; x_wconf 89' lang='lat' dir='ltr'><strong>Nihil</strong></span> <span class='ocrx_word' id='word_1_136' title='bbox 691 2073 796 2132; x_wconf 88' lang='lat' dir='ltr'><strong>autem</strong></span> <span class='ocrx_word' id='word_1_137' title='bbox 825 2091 895 2132; x_wconf 84' lang='lat' dir='ltr'><strong>eum</strong></span> <span class='ocrx_word' id='word_1_138' title='bbox 918 2068 1117 2132; x_wconf 90' lang='lat' dir='ltr'><strong>Blomfieldio</strong></span> <span class='ocrx_word' id='word_1_139' title='bbox 1139 2067 1336 2131; x_wconf 88' lang='lat' dir='ltr'><strong>Wellauerus</strong></span> <span class='ocrx_word' id='word_1_140' title='bbox 1359 2065 1420 2128; x_wconf 83' lang='lat' dir='ltr'><strong>dixit</strong></span> 
     </span>
     <span class='ocr_line' id='line_1_17' title="bbox 305 2177 1420 2262; baseline -0.004 -22"><span class='ocrx_word' id='word_1_141' title='bbox 305 2178 498 2241; x_wconf 78' lang='lat' dir='ltr'><strong>adnotando,</strong></span> <span class='ocrx_word' id='word_1_142' title='bbox 544 2177 675 2242; x_wconf 83' lang='lat' dir='ltr'><strong>Etenim</strong></span> <span class='ocrx_word' id='word_1_143' title='bbox 708 2201 778 2242; x_wconf 89' lang='lat' dir='ltr'><strong>cum</strong></span> <span class='ocrx_word' id='word_1_144' title='bbox 808 2179 963 2242; x_wconf 86' lang='lat' dir='ltr'><strong>latissime</strong></span> <span class='ocrx_word' id='word_1_145' title='bbox 995 2181 1106 2261; x_wconf 86' lang='lat' dir='ltr'><strong>pateat</strong></span> <span class='ocrx_word' id='word_1_146' title='bbox 1140 2177 1218 2240; x_wconf 89' lang='lat' dir='ltr'><strong>illud</strong></span> <span class='ocrx_word' id='word_1_147' title='bbox 1253 2179 1420 2262; x_wconf 82' lang='lat' dir='ltr'><strong>tragicorum</strong></span> 
     </span>
    </p>

    <p class='ocr_par' dir='ltr' id='par_1_4' title="bbox 261 2285 1420 2811">
     <span class='ocr_line' id='line_1_18' title="bbox 261 2285 1420 2370; baseline -0.004 -21"><span class='ocrx_word' id='word_1_148' title='bbox 261 2359 263 2363; x_wconf 23' lang='lat'>¹</span> <span class='ocrx_word' id='word_1_149' title='bbox 305 2288 459 2369; x_wconf 84' lang='lat' dir='ltr'><strong>studium,</strong></span> <span class='ocrx_word' id='word_1_150' title='bbox 488 2288 570 2370; x_wconf 85' lang='lat' dir='ltr'><strong>quod</strong></span> <span class='ocrx_word' id='word_1_151' title='bbox 594 2289 735 2351; x_wconf 88' lang='lat' dir='ltr'><strong>cernitur</strong></span> <span class='ocrx_word' id='word_1_152' title='bbox 757 2289 791 2351; x_wconf 88' lang='lat' dir='ltr'><strong>io</strong></span> <span class='ocrx_word' id='word_1_153' title='bbox 814 2287 986 2352; x_wconf 86' lang='lat' dir='ltr'><strong>devitanda</strong></span> <span class='ocrx_word' id='word_1_154' title='bbox 1008 2288 1173 2368; x_wconf 82' lang='lat' dir='ltr'><strong>nominum</strong></span> <span class='ocrx_word' id='word_1_155' title='bbox 1196 2287 1313 2350; x_wconf 90' lang='lat' dir='ltr'><strong>vicinia</strong></span> <span class='ocrx_word' id='word_1_156' title='bbox 1333 2285 1420 2348; x_wconf 82' lang='lat' dir='ltr'><strong>eodem</strong></span> 
     </span>
     <span class='ocr_line' id='line_1_19' title="bbox 304 2394 1418 2481; baseline -0.003 -22"><span class='ocrx_word' id='word_1_157' title='bbox 304 2399 540 2462; x_wconf 84' lang='lat' dir='ltr'><strong>terminationis</strong></span> <span class='ocrx_word' id='word_1_158' title='bbox 563 2421 641 2461; x_wconf 89' lang='lat' dir='ltr'><strong>sono</strong></span> <span class='ocrx_word' id='word_1_159' title='bbox 665 2399 861 2481; x_wconf 83' lang='lat' dir='ltr'><strong>cadentium,</strong></span> <span class='ocrx_word' id='word_1_160' title='bbox 891 2404 958 2461; x_wconf 90' lang='lat' dir='ltr'><strong>tum</strong></span> <span class='ocrx_word' id='word_1_161' title='bbox 988 2419 1082 2481; x_wconf 88' lang='lat' dir='ltr'><strong>saepe</strong></span> <span class='ocrx_word' id='word_1_162' title='bbox 1104 2398 1165 2461; x_wconf 88' lang='lat' dir='ltr'><strong>hac</strong></span> <span class='ocrx_word' id='word_1_163' title='bbox 1188 2397 1256 2461; x_wconf 86' lang='lat' dir='ltr'><strong>sola</strong></span> <span class='ocrx_word' id='word_1_164' title='bbox 1282 2398 1331 2459; x_wconf 88' lang='lat' dir='ltr'><strong>ria</strong></span> <span class='ocrx_word' id='word_1_165' title='bbox 1356 2394 1418 2458; x_wconf 83' lang='grc'><strong>11111-</strong></span> 
     </span>
     <span class='ocr_line' id='line_1_20' title="bbox 306 2505 1420 2591; baseline -0.003 -22"><span class='ocrx_word' id='word_1_166' title='bbox 306 2529 374 2569; x_wconf 80' lang='lat' dir='ltr'><strong>curn</strong></span> <span class='ocrx_word' id='word_1_167' title='bbox 404 2531 475 2572; x_wconf 81' lang='lat' dir='ltr'><strong>mss.</strong></span> <span class='ocrx_word' id='word_1_168' title='bbox 504 2511 609 2591; x_wconf 83' lang='lat' dir='ltr'><strong>potest</strong></span> <span class='ocrx_word' id='word_1_169' title='bbox 632 2509 848 2591; x_wconf 87' lang='lat' dir='ltr'><strong>discrepantia</strong></span> <span class='ocrx_word' id='word_1_170' title='bbox 876 2508 1020 2573; x_wconf 90' lang='lat' dir='ltr'><strong>iudicari.</strong></span> <span class='ocrx_word' id='word_1_171' title='bbox 1066 2507 1133 2582; x_wconf 82' lang='lat' dir='ltr'><strong>Quo</strong></span> <span class='ocrx_word' id='word_1_172' title='bbox 1161 2507 1195 2569; x_wconf 93' lang='lat' dir='ltr'><strong>in</strong></span> <span class='ocrx_word' id='word_1_173' title='bbox 1224 2528 1337 2590; x_wconf 85' lang='lat' dir='ltr'><strong>genere</strong></span> <span class='ocrx_word' id='word_1_174' title='bbox 1363 2505 1420 2566; x_wconf 80' lang='lat' dir='ltr'><strong>nola</strong></span> 
     </span>
     <span class='ocr_line' id='line_1_21' title="bbox 305 2612 1418 2702; baseline -0.004 -23"><span class='ocrx_word' id='word_1_175' title='bbox 305 2640 390 2680; x_wconf 85' lang='grc' dir='ltr'><strong>111111α</strong></span> <span class='ocrx_word' id='word_1_176' title='bbox 413 2619 587 2701; x_wconf 83' lang='lat' dir='ltr'><strong>exspatiari</strong></span> <span class='ocrx_word' id='word_1_177' title='bbox 610 2619 746 2702; x_wconf 76' lang='lat' dir='ltr'><strong>longius,</strong></span> <span class='ocrx_word' id='word_1_178' title='bbox 793 2619 943 2682; x_wconf 82' lang='lat' dir='ltr'><strong>Eiusdem</strong></span> <span class='ocrx_word' id='word_1_179' title='bbox 972 2617 1137 2682; x_wconf 87' lang='lat' dir='ltr'><strong>varietatis</strong></span> <span class='ocrx_word' id='word_1_180' title='bbox 1165 2616 1353 2701; x_wconf 82' lang='lat' dir='ltr'><strong>elegantiam</strong></span> <span class='ocrx_word' id='word_1_181' title='bbox 1371 2612 1418 2675; x_wconf 82' lang='lat' dir='ltr'><strong>lto-</strong></span> 
     </span>
     <span class='ocr_line' id='line_1_22' title="bbox 306 2727 1271 2811; baseline 0 -23"><span class='ocrx_word' id='word_1_182' title='bbox 306 2729 393 2789; x_wconf 89' lang='lat' dir='ltr'><strong>mani</strong></span> <span class='ocrx_word' id='word_1_183' title='bbox 417 2729 591 2791; x_wconf 84' lang='lat' dir='ltr'><strong>consectati</strong></span> <span class='ocrx_word' id='word_1_184' title='bbox 615 2734 704 2811; x_wconf 89' lang='lat' dir='ltr'><strong>sunt,</strong></span> <span class='ocrx_word' id='word_1_185' title='bbox 729 2729 815 2791; x_wconf 89' lang='lat' dir='ltr'><strong>velut</strong></span> <span class='ocrx_word' id='word_1_186' title='bbox 837 2728 990 2792; x_wconf 88' lang='lat' dir='ltr'><strong>Horatius</strong></span> <span class='ocrx_word' id='word_1_187' title='bbox 1013 2727 1080 2792; x_wconf 82' lang='lat' dir='ltr'><strong>Sat.</strong></span> <span class='ocrx_word' id='word_1_188' title='bbox 1104 2727 1137 2808; x_wconf 94' lang='lat' dir='ltr'><strong>I,</strong></span> <span class='ocrx_word' id='word_1_189' title='bbox 1163 2729 1192 2808; x_wconf 91' lang='lat' dir='ltr'><strong>l,</strong></span> <span class='ocrx_word' id='word_1_190' title='bbox 1218 2727 1271 2789; x_wconf 79' lang='lat'><strong>12:</strong></span> 
     </span>
    </p>
   </div>
   <div class='ocr_carea' id='block_1_3' title="bbox 457 2877 1214 2948">
    <p class='ocr_par' dir='ltr' id='par_1_5' title="bbox 457 2877 1214 2948">
     <span class='ocr_line' id='line_1_23' title="bbox 457 2877 1214 2948; baseline 0.001 -13"><span class='ocrx_word' id='word_1_191' title='bbox 457 2878 544 2936; x_wconf 86' lang='lat' dir='ltr'><strong>Solos</strong></span> <span class='ocrx_word' id='word_1_192' title='bbox 568 2879 683 2937; x_wconf 84' lang='lat' dir='ltr'><strong>felices</strong></span> <span class='ocrx_word' id='word_1_193' title='bbox 707 2881 850 2937; x_wconf 88' lang='lat' dir='ltr'><strong>viventis</strong></span> <span class='ocrx_word' id='word_1_194' title='bbox 873 2879 983 2937; x_wconf 88' lang='lat' dir='ltr'><strong>clamat</strong></span> <span class='ocrx_word' id='word_1_195' title='bbox 1005 2880 1037 2936; x_wconf 92' lang='lat' dir='ltr'><strong>in</strong></span> <span class='ocrx_word' id='word_1_196' title='bbox 1060 2877 1136 2936; x_wconf 88' lang='lat' dir='ltr'><strong>urbe</strong></span> <span class='ocrx_word' id='word_1_197' title='bbox 1158 2911 1214 2948; x_wconf 84' lang='lat'><strong>—,</strong></span> 
     </span>
    </p>
   </div>
   <div class='ocr_carea' id='block_1_4' title="bbox 303 2997 1417 3430">
    <p class='ocr_par' dir='ltr' id='par_1_6' title="bbox 303 2997 1417 3430">
     <span class='ocr_line' id='line_1_24' title="bbox 305 2997 1417 3099; baseline -0.004 -21"><span class='ocrx_word' id='word_1_198' title='bbox 305 3017 374 3079; x_wconf 90' lang='lat' dir='ltr'><strong>alii:</strong></span> <span class='ocrx_word' id='word_1_199' title='bbox 402 3017 503 3098; x_wconf 86' lang='lat' dir='ltr'><strong>quode</strong></span> <span class='ocrx_word' id='word_1_200' title='bbox 526 3017 643 3080; x_wconf 89' lang='lat' dir='ltr'><strong>multus</strong></span> <span class='ocrx_word' id='word_1_201' title='bbox 672 3021 720 3080; x_wconf 88' lang='lat' dir='ltr'><strong>est</strong></span> <span class='ocrx_word' id='word_1_202' title='bbox 752 2997 896 3080; x_wconf 86' lang='lat' dir='ltr'><strong>Valerius</strong></span> <span class='ocrx_word' id='word_1_203' title='bbox 924 3015 1046 3079; x_wconf 88' lang='lat' dir='ltr'><strong>Probus</strong></span> <span class='ocrx_word' id='word_1_204' title='bbox 1074 3016 1156 3099; x_wconf 89' lang='lat' dir='ltr'><strong>apud</strong></span> <span class='ocrx_word' id='word_1_205' title='bbox 1187 3013 1318 3077; x_wconf 86' lang='lat' dir='ltr'><strong>Gellium</strong></span> <span class='ocrx_word' id='word_1_206' title='bbox 1343 3009 1417 3073; x_wconf 72' lang='lat' dir='ltr'><strong>Nost.</strong></span> 
     </span>
     <span class='ocr_line' id='line_1_25' title="bbox 305 3117 1415 3208; baseline -0.011 -20"><span class='ocrx_word' id='word_1_207' title='bbox 305 3131 363 3188; x_wconf 87' lang='lat' dir='ltr'><strong>att.</strong></span> <span class='ocrx_word' id='word_1_208' title='bbox 393 3126 482 3208; x_wconf 85' lang='lat' dir='ltr'><strong>Xlll,</strong></span> <span class='ocrx_word' id='word_1_209' title='bbox 515 3127 563 3190; x_wconf 87' lang='lat'><strong>19.</strong></span> <span class='ocrx_word' id='word_1_210' title='bbox 603 3128 750 3190; x_wconf 74' lang='lat' dir='ltr'><strong>(leterum</strong></span> <span class='ocrx_word' id='word_1_211' title='bbox 772 3127 811 3189; x_wconf 90' lang='lat' dir='ltr'><strong>de</strong></span> <span class='ocrx_word' id='word_1_212' title='bbox 833 3128 1037 3206; x_wconf 79' lang='grc' dir='ltr'>πολεμάρχα(</span> <span class='ocrx_word' id='word_1_213' title='bbox 1058 3125 1162 3189; x_wconf 81' lang='lat' dir='ltr'><strong>sonna</strong></span> <span class='ocrx_word' id='word_1_214' title='bbox 1185 3127 1270 3190; x_wconf 87' lang='lat' dir='ltr'><strong>recte</strong></span> <span class='ocrx_word' id='word_1_215' title='bbox 1290 3117 1415 3184; x_wconf 80' lang='lat' dir='ltr'><strong>iudicavit</strong></span> 
     </span>
     <span class='ocr_line' id='line_1_26' title="bbox 305 3234 1414 3318; baseline -0.008 -20"><span class='ocrx_word' id='word_1_216' title='bbox 305 3236 483 3299; x_wconf 85' lang='lat' dir='ltr'><strong>Brunckius</strong></span> <span class='ocrx_word' id='word_1_217' title='bbox 506 3237 713 3300; x_wconf 88' lang='lat' dir='ltr'><strong>adnotatione</strong></span> <span class='ocrx_word' id='word_1_218' title='bbox 737 3238 776 3299; x_wconf 91' lang='lat' dir='ltr'><strong>ad</strong></span> <span class='ocrx_word' id='word_1_219' title='bbox 799 3236 968 3300; x_wconf 88' lang='lat' dir='ltr'><strong>Persarum</strong></span> <span class='ocrx_word' id='word_1_220' title='bbox 990 3259 1019 3298; x_wconf 89' lang='lat' dir='ltr'><strong>v.</strong></span> <span class='ocrx_word' id='word_1_221' title='bbox 1038 3235 1102 3299; x_wconf 79' lang='lat'><strong>554</strong></span> <span class='ocrx_word' id='word_1_222' title='bbox 1124 3234 1338 3318; x_wconf 77' lang='lat' dir='ltr'><strong>[probavitque</strong></span> <span class='ocrx_word' id='word_1_223' title='bbox 1357 3249 1414 3291; x_wconf 85' lang='lat' dir='ltr'><strong>ear·</strong></span> 
     </span>
     <span class='ocr_line' id='line_1_27' title="bbox 303 3346 765 3430; baseline 0.006 -23"><span class='ocrx_word' id='word_1_224' title='bbox 303 3347 374 3408; x_wconf 88' lang='lat' dir='ltr'><strong>dem</strong></span> <span class='ocrx_word' id='word_1_225' title='bbox 397 3346 601 3410; x_wconf 82' lang='lat' dir='ltr'><strong>llermannus</strong></span> <span class='ocrx_word' id='word_1_226' title='bbox 623 3370 654 3430; x_wconf 93' lang='lat' dir='ltr'><strong>p.</strong></span> <span class='ocrx_word' id='word_1_227' title='bbox 679 3349 765 3428; x_wconf 81' lang='grc'><strong>3411.</strong></span> 
     </span>
    </p>
   </div>
   <div class='ocr_carea' id='block_1_5' title="bbox 301 3688 1411 3907">
    <p class='ocr_par' dir='ltr' id='par_1_7' title="bbox 301 3688 1411 3907">
     <span class='ocr_line' id='line_1_28' title="bbox 386 3688 1411 3796; baseline -0.01 -23"><span class='ocrx_word' id='word_1_228' title='bbox 386 3711 477 3774; x_wconf 87' lang='lat' dir='ltr'><strong>Prius</strong></span> <span class='ocrx_word' id='word_1_229' title='bbox 500 3733 594 3794; x_wconf 88' lang='lat' dir='ltr'><strong>quam</strong></span> <span class='ocrx_word' id='word_1_230' title='bbox 617 3710 656 3775; x_wconf 92' lang='lat' dir='ltr'><strong>ad</strong></span> <span class='ocrx_word' id='word_1_231' title='bbox 675 3711 739 3774; x_wconf 87' lang='lat' dir='ltr'><strong>alia</strong></span> <span class='ocrx_word' id='word_1_232' title='bbox 762 3688 949 3796; x_wconf 86' lang='lat' dir='ltr'><strong>aggrediar,</strong></span> <span class='ocrx_word' id='word_1_233' title='bbox 974 3711 1116 3796; x_wconf 85' lang='lat' dir='ltr'><strong>corrigas</strong></span> <span class='ocrx_word' id='word_1_234' title='bbox 1138 3710 1234 3774; x_wconf 90' lang='lat' dir='ltr'><strong>velim</strong></span> <span class='ocrx_word' id='word_1_235' title='bbox 1255 3709 1344 3774; x_wconf 88' lang='lat' dir='ltr'><strong>etiam</strong></span> <span class='ocrx_word' id='word_1_236' title='bbox 1362 3703 1411 3778; x_wconf 78' lang='lat' dir='ltr'><strong>ila.</strong></span> 
     </span>
     <span class='ocr_line' id='line_1_29' title="bbox 301 3821 1186 3907; baseline 0.002 -25"><span class='ocrx_word' id='word_1_237' title='bbox 301 3844 381 3904; x_wconf 60' lang='lat' dir='ltr'><strong>[puae</strong></span> <span class='ocrx_word' id='word_1_238' title='bbox 405 3823 438 3884; x_wconf 88' lang='lat' dir='ltr'><strong>in</strong></span> <span class='ocrx_word' id='word_1_239' title='bbox 462 3821 616 3904; x_wconf 81' lang='lat' dir='ltr'><strong>Septem</strong></span> <span class='ocrx_word' id='word_1_240' title='bbox 641 3822 686 3885; x_wconf 93' lang='lat' dir='ltr'><strong>ad</strong></span> <span class='ocrx_word' id='word_1_241' title='bbox 708 3821 859 3886; x_wconf 84' lang='lat' dir='ltr'><strong>Thebas</strong></span> <span class='ocrx_word' id='word_1_242' title='bbox 882 3823 1034 3907; x_wconf 84' lang='lat' dir='ltr'><strong>leguntur</strong></span> <span class='ocrx_word' id='word_1_243' title='bbox 1055 3845 1085 3886; x_wconf 88' lang='lat' dir='ltr'><strong>v.</strong></span> <span class='ocrx_word' id='word_1_244' title='bbox 1109 3823 1186 3886; x_wconf 77' lang='lat'>206:</span> 
     </span>
    </p>
   </div>
   <div class='ocr_carea' id='block_1_6' title="bbox 453 3993 1204 4183">
    <p class='ocr_par' dir='ltr' id='par_1_8' title="bbox 453 3993 1204 4183">
     <span class='ocr_line' id='line_1_30' title="bbox 453 3993 1055 4073; baseline 0 -17"><span class='ocrx_word' id='word_1_245' title='bbox 453 3995 618 4071; x_wconf 83' lang='grc' dir='ltr'>πειθαρχία</span> <span class='ocrx_word' id='word_1_246' title='bbox 640 3993 700 4071; x_wconf 88' lang='grc' dir='ltr'><strong>γάρ</strong></span> <span class='ocrx_word' id='word_1_247' title='bbox 723 3995 785 4058; x_wconf 77' lang='lat' dir='ltr'><strong>tta</strong></span> <span class='ocrx_word' id='word_1_248' title='bbox 807 3998 862 4072; x_wconf 82' lang='grc' dir='ltr'><strong>τῆ(</strong></span> <span class='ocrx_word' id='word_1_249' title='bbox 885 3993 1055 4073; x_wconf 83' lang='grc' dir='ltr'>εὐπραξία(</span> 
     </span>
     <span class='ocr_line' id='line_1_31' title="bbox 453 4103 1204 4183; baseline -0.02 -2"><span class='ocrx_word' id='word_1_250' title='bbox 453 4106 568 4182; x_wconf 65' lang='grc' dir='ltr'>μήτηρ,</span> <span class='ocrx_word' id='word_1_251' title='bbox 592 4107 687 4181; x_wconf 66' lang='grc' dir='ltr'>γυνὴ</span> <span class='ocrx_word' id='word_1_252' title='bbox 712 4110 901 4183; x_wconf 76' lang='grc' dir='ltr'>εωτῆροε·</span> <span class='ocrx_word' id='word_1_253' title='bbox 925 4104 987 4168; x_wconf 82' lang='grc' dir='ltr'><strong>ὧδ’</strong></span> <span class='ocrx_word' id='word_1_254' title='bbox 1010 4105 1075 4181; x_wconf 82' lang='grc' dir='ltr'>ἔχει</span> <span class='ocrx_word' id='word_1_255' title='bbox 1098 4103 1204 4180; x_wconf 71' lang='grc' dir='ltr'>λόγος.</span> 
     </span>
    </p>
   </div>
   <div class='ocr_carea' id='block_1_7' title="bbox 249 4271 1406 4466">
    <p class='ocr_par' dir='ltr' id='par_1_9' title="bbox 249 4271 1406 4466">
     <span class='ocr_line' id='line_1_32' title="bbox 249 4271 1406 4357; baseline -0.013 -19"><span class='ocrx_word' id='word_1_256' title='bbox 249 4272 431 4340; x_wconf 68' lang='lat' dir='ltr'><strong>eratenim</strong></span> <span class='ocrx_word' id='word_1_257' title='bbox 461 4274 620 4336; x_wconf 84' lang='lat' dir='ltr'><strong>nenrinem</strong></span> <span class='ocrx_word' id='word_1_258' title='bbox 649 4273 787 4336; x_wconf 88' lang='lat' dir='ltr'><strong>arbitror</strong></span> <span class='ocrx_word' id='word_1_259' title='bbox 815 4295 882 4336; x_wconf 84' lang='lat' dir='ltr'><strong>osse</strong></span> <span class='ocrx_word' id='word_1_260' title='bbox 905 4273 982 4357; x_wconf 88' lang='lat' dir='ltr'><strong>quin</strong></span> <span class='ocrx_word' id='word_1_261' title='bbox 1005 4273 1137 4336; x_wconf 90' lang='lat' dir='ltr'><strong>haereat</strong></span> <span class='ocrx_word' id='word_1_262' title='bbox 1175 4273 1210 4335; x_wconf 90' lang='lat' dir='ltr'><strong>in</strong></span> <span class='ocrx_word' id='word_1_263' title='bbox 1237 4271 1311 4347; x_wconf 81' lang='grc' dir='ltr'>γυνή</span> <span class='ocrx_word' id='word_1_264' title='bbox 1340 4280 1406 4326; x_wconf 81' lang='lat' dir='ltr'><strong>voce.</strong></span> 
     </span>
     <span class='ocr_line' id='line_1_33' title="bbox 302 4379 1405 4466; baseline -0.005 -22"><span class='ocrx_word' id='word_1_265' title='bbox 302 4384 340 4445; x_wconf 82' lang='lat' dir='ltr'><strong>de</strong></span> <span class='ocrx_word' id='word_1_266' title='bbox 374 4406 435 4466; x_wconf 83' lang='lat' dir='ltr'><strong>qua</strong></span> <span class='ocrx_word' id='word_1_267' title='bbox 470 4384 622 4446; x_wconf 85' lang='lat' dir='ltr'><strong>mirificae</strong></span> <span class='ocrx_word' id='word_1_268' title='bbox 657 4384 848 4446; x_wconf 84' lang='lat' dir='ltr'><strong>exstiterunt</strong></span> <span class='ocrx_word' id='word_1_269' title='bbox 882 4406 952 4446; x_wconf 87' lang='lat' dir='ltr'><strong>cum</strong></span> <span class='ocrx_word' id='word_1_270' title='bbox 986 4389 1127 4447; x_wconf 88' lang='lat' dir='ltr'><strong>veterum</strong></span> <span class='ocrx_word' id='word_1_271' title='bbox 1159 4379 1328 4446; x_wconf 83' lang='lat' dir='ltr'><strong>sententiae</strong></span> <span class='ocrx_word' id='word_1_272' title='bbox 1355 4379 1405 4434; x_wconf 78' lang='lat' dir='ltr'>1111ss</span> 
     </span>
    </p>
   </div>
   <div class='ocr_carea' id='block_1_8' title="bbox 0 0 1530 5136">
    <p class='ocr_par' dir='ltr' id='par_1_10' title="bbox 0 0 1530 5136">
     <span class='ocr_line' id='line_1_34' title="bbox 0 0 1530 5136; baseline 0 2"><span class='ocrx_word' id='word_1_273' title='bbox 0 0 1530 5136; x_wconf 95' lang='lat' dir='ltr'><strong> </strong></span> 
     </span>
    </p>
   </div>
  </div>
 </body>
</html>
