2954 5134
323 381 582 432 anonouoorvn
604 383 888 433 vrauononausu.
1111 371 1172 434 577

65 538 133 615 περὶ
156 535 306 614 ἀνδρῶν
335 537 512 603 ἐνδόξων
542 537 785 600 commentarios
808 536 1016 620 prodiderunt
1038 542 1074 600 ut
1097 539 1173 600 Am-

63 644 206 728 phierates,
229 643 402 730 Megacles,
426 645 609 729 Neanthes,
637 646 687 710 vel
710 648 801 726 περὶ
823 647 1043 726 ὁμωνύμων
1067 649 1169 730 (norn-

62 759 115 820 τῶν
138 777 166 821 τε
191 758 240 821 καὶ
273 757 501 842 ευγγμαφέων)
529 759 565 820 nt
596 756 777 820 Demetrius
806 757 951 840 Magnes.
997 756 1070 820 Non
1104 757 1172 820 fere

62 861 206 945 potuerunt
238 867 280 929 ab
309 865 358 929 his
386 887 452 930 non
479 867 585 930 afferri
607 867 704 930 etiam
727 866 975 930 memorabiliter
997 866 1082 930 dicta
1104 867 1172 930 illo-

61 995 130 1058 τωο,
160 997 288 1058 quorum
319 977 403 1039 vitae
436 976 707 1058 describerentur,
747 977 900 1040 virorum:
938 981 1033 1060 atque
1066 975 1173 1040 hausit

61 1083 196 1168 Diogenes
222 1086 272 1167 11,
301 1085 339 1148 12
366 1107 383 1149 e
406 1085 543 1170 Satyri
571 1085 656 1150 Vitis
679 1088 893 1169 Anaxagorae
922 1085 1170 1170 apophthegma,

59 1191 213 1259 Menedemi
244 1217 282 1258 ex
310 1195 526 1260 Heraclide
549 1195 596 1276 ll,
623 1197 693 1260 135.
738 1197 936 1279 Quamquam
964 1196 1023 1259 hoc
1046 1196 1172 1280 quidem

59 1307 146 1384 potest
165 1305 259 1368 etiam
282 1327 320 1369 ex
343 1305 482 1369 ciusdem
505 1284 686 1370 Heraclidis
713 1305 852 1388 epitoma
875 1305 1016 1370 Sotionis
1038 1307 1172 1389 petitum

58 1433 121 1495 ease,
142 1414 177 1478 de
197 1437 260 1500 qna
283 1415 407 1479 dicetur
429 1415 572 1500 posthac.

127 1523 187 1608 Eis,
210 1525 265 1610 qui
288 1525 423 1588 devilia
446 1526 624 1609 promiscue
647 1527 859 1610 scripserunt,
884 1525 1041 1589 accedunt
1062 1526 1116 1609 qui
1137 1525 1173 1590 iu

57 1632 117 1696 solis
135 1635 180 1698 rel
202 1639 370 1719 poetarum
392 1636 441 1698 vel
469 1635 729 1719 philosophorum
751 1635 825 1698 vitis
849 1639 881 1698 et
903 1635 1037 1699 historia
1060 1635 1174 1698 substi-

57 1745 160 1828 lerunt,
198 1767 279 1829 quas
313 1749 420 1828 partes
454 1749 581 1810 tantum
615 1767 742 1809 snorum
774 1745 1073 1809 commentariorum
1106 1767 1174 1808 esse

56 1851 164 1932 quidam
198 1854 398 1938 superiorum
433 1855 560 1919 illorum
596 1855 774 1918 voluerunt.
833 1857 881 1919 Ae
917 1855 1013 1940 longe
1047 1856 1080 1918 in
1114 1855 1173 1918 hoc

55 1981 153 2042 genere
174 1965 328 2028 maiorem
349 1965 448 2028 fuisse
475 1965 734 2049 philosophorum
757 1965 958 2029 fertilitatem
981 1987 1038 2028 sua
1061 1971 1174 2048 sponte

55 2068 243 2158 intellegitur.
290 2074 459 2138 Pertineut
481 2075 581 2158 igitur
608 2073 669 2138 hue
693 2074 819 2139 Diocles
849 2077 883 2142 ἐν
912 2079 979 2141 roi(
1007 2075 1084 2156 βίοι(
1107 2081 1174 2142 τῶν

54 2185 225 2265 φιλοςόφων
257 2186 306 2267 et,
345 2183 397 2268 qui
420 2207 497 2248 sane
520 2185 662 2248 diversus
691 2207 758 2248 esse
787 2185 867 2249 liber
895 2185 1033 2267 videtur,
1072 2187 1108 2250 ἐν
1136 2191 1173 2270 τῇ

53 2289 186 2377 ἐπιδρομῇ
208 2300 278 2360 τῶν
301 2297 509 2375 φιλοςόφωνε
547 2293 731 2358 Timotheus
756 2295 962 2358 Atheniensis
990 2296 1061 2374 περὶ
1084 2295 1174 2375 βίων,
1201 2305 1205 2316 ’

52 2401 95 2480 qui
114 2403 248 2466 solorum
270 2404 419 2468 videntur
442 2403 702 2487 philosophorum
723 2405 836 2468 fuisse:
859 2404 1062 2488 Hippobotns
1085 2405 1120 2469 ἐν
1135 2411 1173 2488 τῇ

51 2513 106 2575 τῶν
125 2515 318 2594 phoedone
341 2514 528 2598 ἀναγραφῇε
551 2513 662 2578 Nicias
684 2513 872 2577 Nicaeensis
895 2517 931 2580 έν
953 2521 991 2598 τῇ
1014 2517 1086 2593 περὶ
1108 2520 1174 2580 τῶν

51 2623 226 2702 phoedone
262 2624 383 2708 ἱετομίᾳ
420 2623 502 2706 apud
538 2623 740 2686 Athenaeum
767 2623 814 2687 IV
843 2647 874 2707 p.
907 2625 967 2687 162
996 2630 1028 2688 C.
1085 2623 1174 2699 Quod

50 2734 140 2794 aulem
160 2732 194 2796 iu
217 2754 290 2816 eos,
315 2732 368 2816 qui
391 2733 572 2797 universum
595 2753 696 2818 genus
719 2737 793 2796 sunt
816 2734 987 2816 complexi,
1017 2734 1101 2798 idern
1125 2757 1174 2798 ca·

50 2836 88 2899 dit
107 2840 138 2904 iu
159 2842 258 2906 libros
282 2843 479 2927 singulares,
509 2844 618 2926 quales
645 2844 776 2907 fuerunt
803 2843 989 2926 Apollodori
1017 2847 1088 2922 περὶ
1115 2849 1174 2909 τοῦ

49 2949 223 3032 Ἐπικούρου
248 2951 337 3035 βίου,
368 2952 533 3036 Apollonii
556 2952 644 3038 Tyrii
667 2955 738 3033 περὶ
760 2955 934 3036 Ζήνωνος,
958 2953 1120 3016 idomenei
1143 2957 1192 3016 et·

49 3055 177 3128 Phaniae
204 3065 280 3144 περὶ
308 3067 374 3128 τῶν
405 3063 629 3142 (ωκματικῶν,
664 3062 786 3126 Xanthi
814 3067 886 3143 περὶ
914 3045 1173 3146 Ἐμπεδοκλέους,

49 3167 177 3235 aliorum.
209 3173 287 3236 Non
303 3172 406 3256 magis
423 3175 529 3235 autem
544 3171 646 3235 ausim
669 3172 708 3234 ad
725 3172 911 3236 historicum
934 3195 1035 3257 genua
1058 3174 1176 3236 referre

48 3275 216 3346 *inexilidis
240 3287 274 3346 et
298 3281 467 3366 Speusippi
490 3283 562 3362 περὶ
585 3283 777 3363 φιλοεόφων
808 3282 921 3363 libros,
959 3305 1054 3366 quarn
1077 3282 1176 3366 Chry-

47 3385 129 3470 sippi,
150 3389 298 3474 Epicuri,
323 3391 482 3454 Stratonis
505 3394 577 3471 περὶ
600 3392 678 3471 βίων
702 3391 962 3474 commentarium
985 3391 1039 3456 sed
1062 3393 1176 3455 merito

47 3495 190 3564 addentur
212 3503 270 3585 qui
294 3504 366 3580 περὶ
393 3506 459 3566 τῶν
482 3503 677 3582 φιλοςόφων
700 3505 861 3580 διαδοχῶν
884 3501 1080 3584 scripserunt
1102 3502 1175 3564 Ale·

47 3607 154 3672 ,rander
182 3611 201 3676 ὁ
229 3611 432 3690 nubulariam,
462 3611 689 3690 Antistheuea,
720 3611 911 3691 SosioraleS,
946 3609 1034 3673 Solio
1062 3611 1176 3694 quique

47 3715 103 3778 eius
124 3719 281 3784 librorum
305 3720 496 3784 breviarium
520 3721 659 3784 confecit
673 3719 871 3800 Heraclides,
895 3719 1005 3782 Nicias
1022 3719 1176 3784 Nicaeen-

46 3823 82 3885 sis
103 3827 276 3893 Athenaei.
314 3829 382 3892 Nec
404 3829 541 3893 fortasse
563 3829 731 3893 omittendi
754 3831 825 3908 περὶ
848 3829 1069 3908 (φιλοιόφων)
1093 3831 1174 3909 nipe'-
1194 3837 1221 3886 ll

45 3954 118 4005 (εων
133 3941 310 4022 scriptores
327 3938 549 4022 Apollodorus,
567 3939 780 4022 Hippobolus,
805 3937 1031 4020 Clitomachus,
1055 3938 1175 4000 Panae-

45 4043 113 4130 lins,
148 4048 354 4132 Theodorus,
389 4049 454 4112 alii.
505 4048 624 4123 Quibus
657 4047 804 4111 omnihus
833 4051 986 4130 quantum
1016 4047 1175 4130 Diogenes

45 4153 177 4222 laertius
201 4159 321 4223 debeat
349 4159 389 4222 ad
413 4158 698 4222 consarcinandam
726 4179 794 4220 eam
818 4157 922 4240 operis
945 4161 1084 4240 parton,
1114 4179 1176 4240 qua

45 4267 315 4354 apophthegmata
351 4269 534 4352 conquirere
566 4267 626 4331 sibi
660 4271 885 4351 proposuerat,
926 4267 1046 4350 aliquot
1075 4287 1177 4329 exem-

45 4373 98 4454 plis
119 4377 367 4444 declarabimus.
413 4377 617 4442 Antisthenis
640 4377 668 4440 ei
693 4377 931 4460 apophtlregma
960 4376 1177 4460 suppeditavit

88 4496 130 4531 ra,
149 4497 323 4534 urracarnrr
342 4496 487 4534 ornacum
507 4497 526 4536 r.
935 4479 974 4541 37
