2990 5140
262 313 322 376 166
558 329 808 376 cononnmivn
831 307 1099 378 msrvmrr'ours

260 483 317 546 bus
342 482 548 564 cogitassent.
587 480 660 544 Non
684 485 790 564 potest
811 485 917 543 autem
939 481 1021 544 ullus
1043 502 1143 544 nexus
1167 481 1310 564 cogitari,
1335 482 1393 544 nisi

261 591 415 654 excidisse
438 590 593 674 quaedam
622 591 782 654 statueris.
828 589 916 665 Quod
945 590 1059 654 sinon
1087 594 1214 674 praeter
1240 591 1394 654 rationem

261 701 531 784 proposuerimus,
570 700 622 762 vix
655 701 751 763 aliam
786 700 912 763 licuerit
944 700 1008 763 nisi
1040 699 1125 763 hanc
1157 700 1349 763 sententiam
1380 723 1395 762 e

261 810 395 873 residuis
422 810 602 872 litterarum
630 810 774 894 vestigiis
796 809 1032 893 redintegrare:
1073 811 1291 894 Ὀνομακρίτῳ
1313 813 1396 888 Ἀθη-

212 941 245 988 eo
262 921 342 1004 ναίῳ
365 922 415 984 καὶ
438 917 447 1005 [
452 969 723 982 ...........
735 971 743 1001 ‚
771 924 838 984 rolt
860 921 910 983 καὶ
933 924 1061 985 truecto
1081 918 1150 1006 τὸν]
1175 917 1396 1007 sudaturam]

264 1032 374 1095 ἐπικὸν
397 1030 525 1095 κύκλον.
571 1029 657 1103 Quae
682 1030 864 1092 coniectura
888 1029 913 1092 si
938 1030 1070 1092 certiore
1092 1028 1303 1093 fundamento
1320 1029 1398 1092 nita-

264 1143 331 1219 tur,
368 1139 431 1201 dici
460 1142 598 1222 nequeat
626 1161 719 1222 quam
755 1139 848 1222 gravi
880 1139 998 1202 indicio
1027 1159 1121 1221 quam
1149 1138 1257 1222 gravis
1286 1159 1336 1201 res
1364 1139 1401 1200 ad

264 1248 420 1331 liquidum
442 1248 591 1310 ducatur:
615 1248 731 1331 quippe
755 1271 817 1332 quo
839 1249 873 1311 in
888 1247 1205 1311 Pisistratea-aetate
1221 1248 1401 1326 collocetur,

266 1380 361 1440 quam
387 1356 615 1420 Alexandrinis
646 1361 773 1439 praeter
803 1357 838 1420 F.
868 1359 908 1420 A.
940 1357 1091 1420 Wollium
1124 1357 1267 1440 plerique
1296 1379 1403 1420 omnes

266 1467 463 1550 tribuerunt,
489 1467 591 1550 cycli
608 1467 719 1549 'epici
743 1467 1025 1549 compositi0.*)

351 1576 630 1659 Propositaruma
658 1577 750 1639 nobis
779 1575 1033 1639 coniecturarum
1061 1579 1132 1638 utra
1160 1575 1223 1638 utri
1252 1581 1403 1658 praestet,

266 1709 321 1748 suo
355 1687 485 1768 quisque
518 1708 611 1748 seusu
646 1686 832 1748 arbitretur:
867 1706 926 1768 ego
955 1685 1078 1747 nescire
1110 1705 1160 1748 me
1192 1685 1315 1766 fateor,
1349 1707 1404 1748 nec

267 1794 353 1877 prius
381 1794 453 1856 sciri
483 1816 575 1876 posse
605 1795 715 1876 credo,
746 1817 840 1877 quam
866 1794 1050 1877 integrioris
1077 1794 1254 1857 testimonii
1283 1793 1347 1857 fide
1375 1795 1404 1855 in

267 1903 444 1986 planiorem
477 1903 562 1966 viam
595 1904 681 1968 ducti
715 1904 841 1967 erimus.
892 1904 1026 1966 Interim
1054 1902 1182 1966 dumeta
1216 1907 1250 1966 et
1285 1903 1405 1966 lubrico

269 2013 392 2074 viarum
431 2034 496 2075 non
536 2014 667 2076 celanda
702 2014 829 2095 putavi,
872 2014 985 2095 quibus
1026 2013 1129 2076 omnis
1168 2012 1225 2076 illa
1264 2012 1405 2096 quaestio

269 2121 371 2185 adhuc
394 2123 574 2205 impeditur.

793 2354 812 2428 a
838 2351 887 2412 10.

679 2501 997 2584 Paralipomcna.

355 2668 468 2731 Restat
491 2675 525 2730 ut
547 2669 585 2731 de
607 2671 761 2750 suspectis
784 2669 973 2752 quibusdam
988 2669 1117 2732 vocibus
1139 2669 1253 2732 scholii
1267 2668 1404 2732 Plautini

271 2799 372 2860 pauca
405 2778 605 2840 disseramus.
660 2781 708 2840 Ac
743 2778 782 2841 de
818 2785 1026 2857 offertisse‘mus
1059 2802 1088 2841 v.
1126 2779 1164 2842 18
1197 2783 1229 2841 et
1263 2790 1405 2842 emerem

271 2911 300 2951 v.
317 2889 358 2952 38
381 2887 500 2950 dictum
524 2891 572 2950 est
594 2910 699 2970 supra.
746 2889 916 2950 Praeterea
943 2893 1016 2962 Oula
1041 2889 1232 2952 correximus
1255 2909 1312 2970 pro
1337 2892 1403 2963 aaa

271 3020 299 3059 v.
329 2999 370 3060 60
403 3003 435 3058 et
470 3003 538 3060 olim
574 3019 631 3078 pro
659 3004 694 3058 οῖ’
722 3020 750 3058 v.
780 2999 819 3060 dl
850 2998 994 3061 benevoli
1025 2998 1164 3062 censoris
1192 2996 1232 3059 R.
1263 2996 1405 3060 Merkelii

271 3129 365 3168 suasu
387 3106 421 3168 in
444 3105 651 3190 (Bueclmeri')
675 3105 845 3188 Epliemer.
870 3107 1004 3170 litterar.
1030 3128 1058 3170 a.
1084 3107 1165 3170 1838
1187 3128 1219 3188 p.
1242 3106 1316 3170 586.
1361 3107 1405 3168 Ac

271 3236 339 3294 qum
361 3215 651 3297 frequentissimam
668 3216 828 3298 ceteroqui
850 3238 908 3297 pro
930 3236 1018 3292 quum
1041 3215 1231 3296 scripturam
1253 3235 1294 3278 ne
1309 3214 1406 3278 ausim

271 3324 397 3406 quidem
419 3345 504 3386 nrmc
525 3324 722 3387 confidenter
743 3325 883 3387 tribuere
906 3324 967 3406 ipsi
989 3324 1105 3387 codici:
1127 3327 1195 3386 tam
1217 3323 1291 3386 illas
1314 3345 1361 3387 um
1377 3331 1405 3384 et

272 3441 325 3497 uin
351 3433 489 3516 syllabas
523 3433 646 3496 litteras
676 3437 802 3496 constat
835 3434 973 3496 discretu
1003 3453 1231 3514 saepenumero
1264 3431 1406 3496 difficiles

273 3564 350 3606 esse.
388 3542 483 3604 Istius
499 3542 583 3605 modi
607 3547 793 3607 autemeam
817 3542 993 3624 particulae
1009 3563 1082 3604 usus
1098 3541 1157 3604 etsi
1173 3562 1239 3604 non
1262 3540 1405 3605 abhorret

273 3675 292 3713 a
314 3651 450 3714 barbara
473 3651 568 3713 medii
592 3653 661 3715 aevi
684 3653 843 3733 oratione,
876 3651 999 3714 alienus
1022 3655 1130 3713 tamen
1153 3650 1254 3713 videri
1276 3650 1405 3713 debete

272 3765 339 3822 tam
367 3760 508 3842 eleganti
535 3761 689 3843 scriptore
712 3761 804 3824 ltalo.
850 3760 899 3823 De
926 3761 981 3823 illo
1004 3763 1111 3824 autem
1133 3761 1171 3823 ol'
1194 3781 1286 3823 suam
1314 3781 1405 3843 quon-

272 3869 346 3932 dam
380 3869 593 3935 coniecturam
628 3871 720 3940 (Num
754 3877 792 3934 ab
825 3873 962 3954 LXXII)
995 3891 1061 3933 non
1098 3869 1207 3932 dubito
1240 3869 1319 3953 quin
1346 3868 1404 3931 iam

274 3978 498 4061 Bernhardyus
522 3979 588 4061 ipse
611 3981 740 4042 missam
763 3981 884 4042 fecerit.
931 3979 1032 4042 ll‘lulto
1048 3977 1225 4041 durabilius
1247 3978 1404 4042 inventum

341 4241 365 4304 *i
386 4240 444 4308 [His
464 4259 518 4294 uon
537 4241 680 4293 dissirrrilio
698 4258 797 4293 novom
815 4243 880 4308 post
898 4239 977 4292 annis
991 4238 1020 4292 C.
1038 4239 1067 4291 L.
1088 4237 1205 4290 aothius
1224 4235 1402 4306 proponebat:

274 4331 308 4382 de
328 4348 381 4396 quo
400 4333 493 4400 paucis
512 4332 629 4384 ‹liximus
648 4331 735 4384 Musei
754 4331 820 4398 phil.
839 4331 927 4386 lthcn.
947 4331 997 4383 Vll
1017 4333 1103 4396 (1849)
1122 4347 1149 4397 p.
1171 4333 1219 4383 138
1237 4330 1289 4396 sq]
