2952 5132
264 295 327 357 470
523 310 569 354 nn
588 309 736 358 araasrrs
759 311 879 357 nnavn
903 310 1162 358 scarnronravs.

263 471 300 548 τῇ
324 463 406 542 πρὸ(
433 465 491 542 τὴν
515 465 649 528 Ῥοδίων
679 465 774 528 πόλιν
802 464 866 528 ὑπὸ
889 465 1074 544 Δημητρίου
1101 465 1304 549 προεαχθείεη
1328 470 1382 530 roi<

263 574 395 654 τείχεειν
425 575 585 650 ἑλεπόλει,
613 573 741 653 Τίμαιος
764 576 796 638 δ’
820 575 872 638 ἐπὶ
893 581 930 658 τῇ
953 580 1039 657 πυρᾷ
1066 581 1103 658 τῇ
1130 577 1382 658 κατπεκευυεθείεη

265 684 428 767 Διονυείιρ
455 691 500 770 τῷ
528 684 665 750 (ικελίαε
692 685 857 769 τυράννῳ,
884 686 935 748 καὶ
962 686 1148 764 Ἱερώνυμοε
1178 686 1229 750 ἐπὶ
1253 693 1287 768 τῇ
1307 708 1382 750 κατα-

265 802 356 878 εκευῇ
384 799 440 872 τῆε
468 795 650 874 ἁρμαμάξης
678 797 697 879 ῇ
721 796 885 874 ευνέβαινε
913 800 1175 874 κατακομιεθῆναι
1203 797 1240 860 τὸ
1262 797 1383 861 Ἀλεξάν-

264 911 344 984 δρου
368 909 472 986 capa,
496 906 712 969 Πολύκλειτος
734 907 768 969 δ’
784 905 834 969 ἐπί
856 911 902 989 τῷ
926 907 1045 988 λυχνίῳ
1068 913 1114 990 τῷ
1130 909 1385 972 κατπεκευαεθὲντι

264 1022 310 1099 τῷ
332 1017 440 1100 Πέρεῃ
464 1036 491 1078 e.
509 1037 539 1098 q.
556 1037 581 1078 S.
633 1015 682 1077 Ac
705 1015 875 1098 scriptores
898 1015 1024 1098 quidem
1046 1015 1104 1077 hos
1126 1015 1206 1098 dici,
1238 1038 1300 1079 non
1324 1017 1385 1079 arti-

264 1125 340 1188 fices
362 1124 489 1187 iliorum
511 1146 659 1207 operum,
684 1125 768 1188 inter
791 1147 900 1188 omnes
924 1125 1084 1188 convenit.
1118 1125 1207 1209 Ergo
1221 1128 1386 1205 (inaudierat

267 1235 587 1318 Schweighaeuserus
620 1235 849 1318 interpretatus
873 1238 921 1298 est
944 1242 1127 1317 admiratur,
1152 1236 1324 1300 incredibili
1348 1236 1386 1298 in·

266 1345 445 1428 cogitantis
479 1345 609 1408 adscitis
643 1347 855 1425 Θαυμάεονται
891 1345 1013 1408 somnae
1044 1345 1214 1428 exemplis,
1248 1345 1387 1410 Gratarus

265 1459 374 1519 autem
404 1455 617 1539 Kiesslingius
645 1477 734 1518 meus
765 1455 1041 1518 commentationis
1070 1446 1113 1518 de'
1131 1456 1331 1519 Menaechmo
1351 1454 1388 1519 si-

268 1566 383 1649 cyonio
407 1569 439 1628 et
461 1565 657 1648 Hieronymo
681 1565 840 1630 Cardiano
871 1565 984 1648 (Oiuae
1007 1565 1111 1628 editae
1139 1588 1169 1628 a.
1196 1566 1294 1649 1830)
1314 1588 1341 1648 p.
1355 1564 1386 1626 ‘21

264 1677 425 1760 passivam
455 1676 520 1738 vim
549 1675 614 1738 eius
644 1675 733 1739 verbi
761 1679 875 1739 tenens
903 1675 937 1738 in
961 1697 997 1739 e0
1020 1675 1196 1758 acquievit,
1228 1679 1264 1738 ut
1290 1677 1388 1756 ἐπίτῇ

265 1787 410 1851 ἑλεπόλει
432 1786 511 1849 ‘fere
527 1786 652 1869 poetica
668 1786 816 1869 loquendi
839 1785 974 1849 ratione’
998 1785 1138 1869 positum
1159 1807 1219 1869 pro
1235 1787 1285 1850 ἐπὶ
1297 1793 1330 1868 τῇ
1344 1788 1389 1862 τὴ(

265 1897 446 1961 ἑλεπόλεως
474 1897 610 1975 διηγήεει
638 1899 776 1980 putaret.
831 1895 951 1959 Verum
972 1917 1033 1959 nec
1059 1895 1213 1978 inpacta
1236 1915 1388 1968 versamur,

264 2028 324 2069 nec
348 2005 572 2090 descriptionis
587 2006 693 2090 potius
709 2028 804 2089 quam
826 2027 957 2088 operum
979 2005 1197 2069 laudationem
1220 2006 1387 2098 expetimus.

265 2115 426 2199 Scriptum
441 2115 540 2200 igitur
556 2117 596 2180 ab
609 2117 777 2180 Athenaeo
798 2118 1026 2195 Θαυμαζὲτω
1049 2116 1253 2181 arbitramur.
1277 2113 1389 2178 Etenim

265 2233 456 2290 admirantur
477 2226 620 2290 Moschio
651 2227 755 2310 iuquit
783 2233 839 2290 ulii
865 2232 928 2289 ulia
952 2247 1045 2306 opera
1068 2233 1181 2305 insipat·
1202 2238 1269 2289 arie
1289 2229 1389 2304 opibus·

264 2359 321 2416 quc
342 2344 460 2402 exuuiis
482 2349 656 2400 exstructa:
684 2358 730 2400 me
751 2342 849 2401 iudice
870 2344 985 2402 cunctis
1009 2343 1140 2416 plorr'am
1161 2341 1310 2416 praeripit
1331 2339 1389 2397 Hie·

264 2454 348 2511 roais
379 2455 506 2512 carusilio
538 2453 758 2527 sumptibusque
797 2453 961 2524 aedificata
995 2454 1094 2526 nauis,
1134 2446 1222 2510 cuius
1258 2444 1389 2525 deinceps

265 2557 498 2640 praestantiam
524 2579 581 2640 per
603 2557 730 2641 singula
753 2558 962 2640 persequitur.
