2982 5146
568 1023 637 1131 Π.

39 1203 272 1327 Conoiinniuu
303 1203 555 1321 disputationis
586 1205 631 1298 in
662 1204 884 1298 initiioiioois
917 1204 1173 1301 Alexandrinis

228 1355 346 1473 innuo
376 1355 558 1451 Pisistrati
590 1357 686 1450 euris
718 1355 971 1474 iioueniois*i

565 1663 638 1741 sn.

223 1776 278 1842 De
302 1778 475 1844 Crameri
499 1779 759 1862 grammatico
782 1777 976 1843 Parisino.

116 1911 182 1976 Nec
209 1913 350 1976 seribere
378 1913 417 1976 de
446 1913 701 1978 Ptolemaeorum
734 1913 936 1978 bibliothecis
965 1915 1065 1999 (leque
1094 1915 1204 1980 Pisi-u

42 2021 124 2084 strati
157 2022 272 2086 studiis
300 2021 480 2087 Homericis
508 2027 584 2087 ante
618 2023 782 2088 binomium
811 2024 1074 2108 instituissemus,
1110 2026 1171 2089 nisi

43 2130 161 2194 ibriuito
182 2132 277 2196 nobis
305 2131 425 2197 scholio
455 2133 510 2196 illo
533 2132 683 2197 Plautino
705 2135 828 2198 oblato:
858 2133 982 2198 fallitur
1005 2135 1090 2198 enim
1119 2135 1171 2218 qui

43 2241 191 2324 proposita
219 2241 259 2306 de
287 2241 397 2306 Museo
426 2242 645 2310 Alexandrino
677 2244 863 2328 quaestione
897 2243 1080 2308 acrndenuica
1114 2267 1172 2308 nos

42 2349 181 2415 inuitatos
203 2352 302 2415 dixit:
325 2374 385 2416 nec
408 2353 442 2416 in
465 2353 510 2416 eis
533 2375 613 2436 qnae
636 2357 704 2416 tum
726 2353 910 2438 scripsimus
927 2353 976 2416 vel
999 2353 1171 2416 defenden-

42 2459 84 2520 dis
98 2460 144 2523 vel
165 2461 363 2546 corrigendis
386 2462 555 2546 quicquam
577 2485 692 2546 operae
715 2485 802 2528 noune
818 2485 1085 2546 consumeremus,
1108 2464 1171 2526 nisi

43 2566 70 2630 id
95 2592 112 2632 a
143 2571 234 2636 nobis
265 2570 468 2656 potissimum
502 2572 629 2657 exigere
662 2595 780 2636 novum
814 2573 981 2636 inventum
1013 2571 1172 2636 uideretur

44 2677 224 2745 simillimum
247 2681 357 2766 priori.
402 2679 492 2757 Quod
515 2683 601 2746 enim
623 2705 862 2766 speraveramus
893 2683 962 2746 fore
985 2687 1019 2746 nt
1041 2705 1058 2746 e
1080 2683 1171 2746 nonis

44 2787 172 2854 lontibus
194 2791 266 2876 ipsa
294 2813 412 2876 graeca
435 2791 533 2856 uerba
556 2797 758 2875 eruerentur,
788 2815 868 2876 quae
892 2792 925 2856 in
948 2792 1085 2856 latinum
1107 2814 1170 2856 ser-

46 2918 157 2964 monem
194 2901 304 2966 Plauti
340 2901 499 2986 interpres
537 2902 763 2984 convertisset,
807 2901 839 2966 id
876 2925 913 2966 ex
957 2906 1048 2986 parte
1086 2904 1171 2966 certe

47 3009 174 3073 onerasse
188 3033 255 3074 non
279 3011 348 3075 sine
371 3011 478 3095 aliqua
501 3011 625 3075 laetitia
642 3033 658 3074 e
674 3011 814 3096 vulgatis
830 3013 1012 3096 nuperrime
1029 3011 1170 3076 Crameri

48 3113 204 3184 .lneedotis
221 3119 456 3185 parisiensibus
478 3121 703 3186 intelleximus.
741 3120 864 3185 Horum
880 3121 966 3185 enim
980 3119 1171 3184 volumine]

47 3223 119 3288 inter
144 3229 220 3313 alia,
249 3252 331 3314 quae
355 3229 453 3294 codex
475 3230 596 3315 Regius
616 3231 698 3296 roni
723 3232 939 3315 suppeditavit
966 3233 1040 3311 περὶ
1061 3252 1170 3314 κωμῳ-

46 3334 105 3400 biut
125 3327 277 3424 inscripta
300 3344 333 3404 et
354 3361 395 3404 er
422 3343 514 3425 parte
538 3363 609 3404 eum
631 3340 772 3405 Platonii
794 3341 989 3424 aliorumque
1013 3339 1170 3422 excerptis

49 3441 240 3531 Aristophani
263 3449 427 3533 praemitti
442 3450 544 3514 solitis
560 3472 718 3534 congrua,
743 3451 811 3534 p.6
833 3451 960 3534 prodita
982 3450 1061 3514 haec
1084 3451 1169 3530 suunt,

49 3573 117 3634 opnae
145 3579 204 3642 qno
238 3559 432 3624 commodius
461 3582 532 3624 cnm
563 3559 674 3624 latinis
704 3564 982 3644 compararentur,
1017 3581 1088 3624 euno
1120 3559 1171 3622 his

50 3661 152 3729 eisdam
179 3668 212 3732 in
240 3669 370 3753 paginis
393 3670 640 3754 composuimus,
671 3669 871 3754 paucissimis
900 3669 1088 3754 quibusdam
1111 3691 1170 3733 nec

50 3770 107 3836 sine
127 3779 290 3842 notatione
313 3779 473 3844 correctis.

51 3923 234 3942 *z———u—

107 4011 128 4076 *i
146 4011 264 4080 [Editunn
282 4015 396 4070 Bonnaa
414 4033 439 4070 a.
458 4013 632 4071 clocccxn
650 4015 832 4069 celebrandae
850 4016 1001 4070 memoriae
1019 4013 1170 4068 immortali

52 4095 129 4154 liberi
145 4103 258 4160 Barouis
276 4105 368 4161 Caroli
387 4107 423 4162 ab
440 4109 609 4174 Altenstein,
630 4108 658 4162 in
676 4125 763 4176 regno
781 4109 927 4162 Borussieo
946 4125 1037 4162 neruum
1055 4105 1091 4160 ad
1109 4107 1170 4160 reii-

53 4190 256 4266 nomenoium,
278 4200 481 4256 institutionem
499 4201 640 4270 publicam
659 4204 688 4256 et
710 4203 799 4256 artem
818 4202 953 4256 merlinum
972 4199 1169 4270 pertinentium

53 4297 93 4347 per
111 4285 194 4342 XXIII
216 4308 350 4346 annorum
372 4295 493 4364 spatium
517 4294 616 4348 summi
638 4294 774 4364 praesidia
804 4313 836 4350 ac
860 4294 1044 4348 moderatoris
1071 4293 1170 4348 iibera-

53 4372 136 4431 liasimi
151 4383 362 4454 sapientissimi]
