2952 5132
275 367 337 430 472
542 385 587 432 na
611 386 838 436 annnnaunrs
862 387 1154 449 aurrovrrarrnvs

276 559 450 619 servarem,
475 560 651 602 resecarem
674 543 780 602 autem
803 540 915 624 quibus
936 541 1029 605 hodie
1051 542 1120 606 sine
1143 543 1327 607 incommodo
1345 566 1385 607 ca·

275 669 356 710 reas.
401 633 514 731 ltaque
542 670 601 712 nee
629 671 746 733 graeca
774 651 872 714 verba
900 651 1064 735 scriptoris
1092 653 1221 736 iteravi,
1248 675 1318 738 quae
1341 677 1386 737 per

276 760 347 821 octo
371 758 477 840 capita
500 758 573 822 libri
595 759 611 823 l
634 760 803 823 emendata
825 782 1051 844 proposueram
1074 763 1108 825 in
1130 763 1249 846 priore,
1278 786 1327 846 per
1343 765 1386 826 tri·

275 868 368 952 ginta
390 867 432 930 'in
460 869 652 952 posteriore,
681 891 741 932 neo
770 870 851 954 Lapi
878 871 1176 954 interpretationem
1208 873 1329 936 latinam
1351 895 1386 935 re·

277 979 366 1042 coxi:
401 978 455 1041 sed
483 979 518 1042 in
547 980 614 1042 sola
642 979 849 1044 adnotatione
883 980 994 1044 critica
1028 982 1157 1046 substiti
1187 982 1248 1045 illis
1276 983 1387 1066 triginta

277 1088 434 1172 capitibus
452 1089 605 1173 subiecta,
628 1091 674 1153 ita
693 1093 801 1154 tamen
821 1094 856 1154 ut
877 1091 915 1154 ad
940 1091 1081 1174 adolphi
1103 1091 1287 1176 Kiesslingii
1307 1115 1388 1156 exen-

275 1201 363 1282 plum
378 1199 645 1283 Teubnerianum,
666 1200 748 1284 quod
764 1201 798 1264 in
816 1200 957 1264 omnium
979 1201 1127 1264 manibus
1146 1205 1204 1283 est,
1223 1201 1306 1266 illam
1322 1224 1389 1266 nune

275 1309 565 1392 accommodarem,
604 1332 621 1373 e
652 1310 898 1374 Vratislaviensi
935 1314 1040 1374 autem
1078 1313 1389 1375 commentationem

275 1423 401 1482 tautum
425 1441 625 1503 excerperem
649 1420 743 1504 inque
766 1421 945 1504 marginem
968 1421 1113 1485 coniecta
1130 1425 1313 1505 repeterem,
1328 1443 1391 1504 quae

276 1530 383 1613 paullo
406 1531 593 1613 explicatius
616 1530 692 1594 olim
715 1553 810 1614 quam
832 1534 944 1614 postea
965 1535 1149 1614 persecutus
1171 1531 1264 1620 sum]

528 1889 557 1961 Ι.
612 1888 977 1963 Commentatio
1014 1889 1163 1988 prior.

618 2039 743 2104 (Accedit
760 2040 857 2093 tabula
874 2039 1075 2109 lithographa.)

242 2211 254 2258 1
359 2190 458 2254 lulius
481 2189 678 2256 Athanasius
701 2192 888 2256 Ambrosius
916 2193 1040 2276 collega
1062 2195 1095 2256 et
1116 2193 1290 2256 studiorum
1314 2192 1394 2254 socie-

274 2303 341 2364 tate
361 2305 393 2364 et
408 2301 586 2365 officiorum
609 2303 843 2367 necessitudine
865 2303 944 2365 mihi
968 2302 1243 2366 coniunctissimus
1264 2303 1331 2366 dum
1351 2321 1396 2384 per

276 2412 452 2494 complures
475 2433 577 2493 annos
599 2413 684 2475 inter
698 2412 797 2476 Italos
820 2415 972 2495 moratur,
995 2416 1123 2495 praeter
1144 2416 1305 2476 strenuam
1318 2431 1395 2495 quan

274 2522 390 2584 veteris
413 2522 492 2585 artis
515 2523 729 2585 monumentis
751 2545 881 2606 operam
903 2522 1050 2604 navavit,
1077 2521 1162 2586 haud
1190 2523 1335 2587 mediocri
1359 2542 1396 2583 as·

275 2631 425 2694 siduitate
452 2633 487 2695 in
510 2632 738 2696 examinandos
769 2632 1035 2716 excutiendosque
1064 2632 1188 2696 codices
1218 2655 1292 2696 mss.
1318 2629 1395 2694 Anti·
1466 2627 1467 2630 ’

274 2741 444 2824 quitatiurn
477 2741 747 2826 Dionysianarum
780 2741 943 2824 incubuit,
978 2742 1091 2826 quibus
1125 2764 1197 2806 cum
1228 2739 1396 2806 immortalis
1466 2785 1467 2822 3

274 2851 334 2914 riri
362 2851 530 2915 Niebuhrii
558 2853 690 2936 ingenio
718 2874 801 2916 nova
829 2856 912 2916 esset
939 2853 993 2915 lux
1023 2852 1138 2934 allata,
1167 2854 1277 2916 tamen
1301 2870 1396 2914 munus
1466 2841 1467 2894 ἓ

275 2961 472 3024 emendatrix
501 2984 558 3046 per
581 2962 745 3026 dimidium
769 2966 801 3027 et
823 2962 905 3047 quod
928 2962 1052 3026 excedit
1074 2963 1237 3025 sacculum
1258 2961 1394 3024 defuerat.
1466 3025 1467 3050 ,

273 3071 351 3134 Post
373 3093 515 3135 reversus
538 3072 572 3135 in
594 3073 733 3154 patriam
754 3073 808 3137 ubi
832 3076 865 3135 et
885 3072 1025 3136 muneris
1054 3072 1194 3156 negotiis
1216 3093 1250 3135 se
1270 3067 1396 3134 distineri
1466 3109 1467 3120 i

274 3182 374 3243 sensit
397 3185 429 3244 et
451 3181 485 3243 in
502 3185 640 3264 cognato
662 3183 716 3246 sed
739 3186 849 3245 tamen
871 3182 1071 3264 aliquantum
1092 3181 1218 3245 diverso
1241 3180 1396 3244 studiorum

273 3312 391 3374 genere
419 3293 504 3354 totus
528 3313 595 3355 esse
618 3293 737 3356 defixus
762 3293 882 3375 coepit,
912 3290 1064 3355 incohata
1091 3313 1245 3374 seponere
1273 3291 1397 3373 aliquan·
1466 3297 1467 3376 j

274 3401 383 3484 tisper,
401 3402 459 3466 otii
474 3403 746 3485 opportunitatem
770 3405 964 3486 exspectare.
997 3401 1131 3465 lllonent
1153 3402 1284 3464 interim
1304 3395 1397 3463 aurici:

275 3534 383 3576 verum
416 3512 563 3575 alliciunt
591 3517 623 3575 et
650 3513 754 3576 acrius
785 3513 931 3576 detinent
959 3512 1167 3594 antiquitates
1200 3511 1397 3575 Romanorum

276 3645 346 3686 eum
374 3644 484 3686 sacrae
513 3626 581 3685 tum
610 3622 719 3685 civiles
750 3627 953 3706 veterumque
986 3621 1193 3705 investigatio
1227 3619 1396 3704 religionum

274 3733 449 3796 uberrimos
472 3733 594 3796 fnrctus
617 3733 759 3816 polliceri
775 3733 853 3796 visa.
890 3732 1053 3796 Postremo
1076 3752 1116 3794 ne
1139 3730 1235 3794 nimis
1258 3730 1323 3810 diu,
1345 3723 1398 3808 qui·
1468 3795 1469 3820 ,

275 3844 332 3906 bus
355 3843 434 3906 haec
459 3843 545 3905 cordi
568 3846 658 3924 sunt,
691 3842 877 3905 eximiarum
904 3864 961 3905 usu
992 3842 1154 3924 copiarum
1181 3839 1397 3912 fraudarentur,

275 3955 320 4017 sic
349 3953 434 4015 inter
461 3975 519 4016 nos
551 3953 716 4034 convenit,
746 3955 781 4014 ut
803 3951 881 4014 meis
909 3951 990 4014 curis
1014 3950 1184 4014 emendata
1201 3951 1296 4014 rerba
1317 3945 1398 4026 scrip
1468 3965 1469 4000 1

274 4064 352 4127 toris
387 4062 567 4146 prodirent,
604 4062 847 4126 commentarios
882 4062 995 4145 quibus
1028 4083 1077 4124 res
1106 4061 1338 4124 illustrarentur
1366 4053 1398 4115 ab

275 4175 429 4257 scriptore
466 4177 616 4237 narratae
650 4173 677 4235 is
710 4173 932 4253 concinnaret,
973 4172 1060 4236 euius
1097 4171 1282 4254 diligentiae
1318 4165 1397 4230 etiarn

276 4284 466 4347 emendandi
499 4285 634 4346 materia
666 4305 786 4365 magna
815 4305 852 4345 ex
881 4285 972 4364 parte
1001 4281 1143 4344 debetur.
1197 4281 1284 4343 Illius
1317 4276 1398 4357 igilur

276 4416 390 4481 ‹iprerac
419 4416 508 4460 meae
537 4394 616 4456 hace
643 4415 723 4478 qrute
747 4392 832 4455 infra
861 4391 951 4475 posui
974 4391 1141 4474 specimini
1167 4393 1275 4455 sunto:
1302 4384 1398 4470 quibu
