2982 5146
363 383 409 430 ns
433 383 525 434 aran.
548 381 652 430 anns.
676 383 721 430 nr
742 383 959 432 ermemiro.
1171 369 1231 434 lto

80 534 205 600 natos?
252 535 313 609 Qui
341 535 390 598 vel
419 535 466 598 sic
493 535 596 598 bonae
627 534 731 618 frugis
760 555 828 599 esse
856 533 1033 618 plenissimi
1060 539 1232 618 potuerunt

80 665 306 728 summamque
339 643 513 707 utilitatem
546 643 660 708 afferre
686 643 894 710 Callimacho.
943 643 1018 708 Non
1050 665 1134 729 nego
1166 645 1231 708 ullo

81 755 180 818 modo
208 753 276 818 eius
302 753 388 817 modi
417 753 541 818 indices
563 754 595 816 h.
620 775 647 817 e.
671 755 805 820 πίνακα(
832 753 958 837 saepius
986 775 1053 818 esse
1076 754 1172 818 etiam
1198 754 1231 818 in

81 864 230 946 privator
252 885 327 927 usos
349 863 542 947 descriptos:
565 862 626 927 hoc
641 863 727 944 dico,
752 863 874 928 nullam
896 884 1003 928 eorum
1026 863 1230 946 mentionem,

81 972 352 1056 quemadmodum
388 972 559 1056 plurimam
595 972 896 1054 Callimacheorum,
940 973 1009 1036 fieri
1051 977 1230 1056 propterea,

80 1083 171 1166 quod
192 1082 354 1146 rationum
370 1081 567 1165 expositione
591 1083 786 1167 carerent*).
817 1081 906 1145 Idem
929 1085 1035 1146 autem
1057 1081 1233 1147 transferre

81 1193 119 1256 in
142 1191 341 1256 Zenodotum
369 1191 461 1273 licet,
491 1191 545 1275 qui
572 1195 682 1255 tantos
704 1190 868 1274 scrupulos
891 1189 1099 1274 Bernhardyo
1122 1191 1231 1256 movit.

81 1302 145 1366 Cui
168 1305 205 1364 ut
233 1301 409 1386 largiamur
435 1322 506 1364 eam
532 1301 631 1364 fuisse
654 1299 826 1364 Zenodotei
853 1299 992 1364 nominis
1015 1300 1233 1366 celebritatem

81 1433 218 1494 prorsus
234 1411 430 1475 tralaticium
444 1431 504 1474 nec
518 1411 586 1474 fere
602 1410 643 1474 ab
655 1409 893 1474 Alexandrinae
909 1411 1024 1474 aetatis
1037 1411 1233 1494 cogitatione

81 1520 282 1603 seiunctam,
310 1524 347 1584 ut
375 1541 395 1584 a
423 1519 651 1604 posterioribus
673 1519 771 1584 etiam
798 1541 860 1603 quo
888 1540 953 1583 non
979 1519 1155 1604 pertineret
1176 1521 1233 1584 ali-

78 1631 210 1714 quoties
233 1629 464 1694 intruderetur:
486 1633 596 1693 tamen
618 1628 679 1692 hoc
701 1629 852 1713 quoniam
868 1649 933 1692 non
956 1629 1033 1694 item
1055 1629 1090 1693 in
1112 1628 1233 1694 socium

79 1739 307 1803 Alexandrum
322 1738 473 1823 quadrat,
498 1739 638 1802 alienum
653 1737 748 1802 debet
769 1739 810 1802 ab
831 1737 892 1803 hac
914 1739 1101 1822 quaestione
1123 1740 1231 1804 videri.

78 1849 260 1913 Praeterea
281 1849 364 1932 quod
385 1851 528 1926 γλώεεαε
551 1847 678 1932 quidem
695 1851 727 1911 et
749 1849 961 1927 ὑπομνήματα
981 1849 1119 1930 ἱετορικά
1135 1848 1232 1914 Zeno·

78 1959 153 2022 doti
172 1958 412 2022 commemorati
434 1958 496 2022 ait:
520 1957 558 2020 de
580 1957 693 2041 quibus
714 1956 786 2020 vide
802 1955 1139 2042 Schweighaeuserum
1154 1960 1233 2022 Ani·

78 2068 194 2132 madv.
219 2068 253 2131 in
275 2067 395 2132 Athen.
413 2069 475 2131 vol.
500 2065 545 2130 IX
567 2089 600 2150 p.
616 2067 695 2130 218:
725 2066 807 2130 nihil
834 2071 940 2130 autem
963 2089 1113 2152 umquam
1141 2067 1234 2132 istius

79 2177 175 2242 modi
208 2177 523 2258 commentariorum,
558 2175 743 2259 responderi
780 2175 950 2260 dupliciter
983 2179 1099 2259 potest.
1149 2175 1233 2240 Nam

80 2287 173 2350 idem
195 2287 249 2350 ille
264 2286 450 2350 Homericos
467 2285 711 2350 commentarios
727 2288 783 2349 aut
797 2285 998 2369 scripsitaut
1012 2307 1079 2349 non
1094 2285 1232 2368 scripsit.

79 2396 208 2472 Quodsi
230 2396 374 2479 scripsit,
402 2395 658 2479 respondendum
679 2416 721 2458 ne
743 2393 855 2458 horum
877 2393 1004 2478 quidem
1026 2416 1084 2478 per
1106 2393 1233 2478 amplis-

79 2508 170 2571 sima
197 2527 278 2590 quae
305 2509 476 2590 supersunt
502 2504 624 2569 scholia
647 2504 745 2568 ullam
768 2503 963 2567 mentionem
990 2504 1069 2568 lieri.
1115 2503 1235 2568 Contra

80 2617 110 2681 si
135 2616 227 2680 nullo
249 2617 448 2694 ὑπομνήματι
472 2615 666 2679 illustratam
682 2614 806 2680 ἔκδοειν
829 2615 998 2694 Ὁμηρικήν
1021 2613 1180 2698 vulgavit:
1203 2613 1234 2677 id

80 2725 171 2810 quod
194 2729 268 2808 post
289 2723 442 2788 Wolfium
463 2723 644 2808 Prolegom.
669 2745 700 2807 p.
718 2722 831 2788 CCXV
854 2723 948 2787 hodie
970 2721 1037 2787 fere
1059 2743 1125 2786 non
1147 2723 1236 2788 dubi-

79 2839 192 2905 tatur:
221 2833 296 2918 quid
325 2837 373 2897 est
396 2855 452 2898 cur
473 2855 539 2898 non
561 2834 638 2897 item
666 2833 700 2897 in
727 2833 827 2896 altero
854 2832 910 2896 illo
938 2853 1056 2917 genere
1084 2832 1236 2916 primaria

81 2965 187 3028 opera
210 2947 395 3008 contentum
421 2943 521 3007 fuisse
549 2965 680 3026 parcum
702 2941 863 3006 scribendi
885 2941 987 3006 virum
1015 2941 1235 3024 concedamus,
1254 2963 1286 3012 ‘27

81 3073 278 3136 suorumque
304 3053 446 3117 indicum
473 3053 724 3117 enarrandorum
752 3073 860 3116 cruam
888 3051 1053 3116 credamus
1086 3051 1158 3114 aliis
1188 3071 1235 3114 re-

81 3163 235 3247 liquisse:
269 3184 364 3246 quam
395 3161 522 3246 quidem
553 3183 641 3245 spem
669 3183 736 3225 non
769 3161 950 3226 destituisse
983 3164 1126 3244 posteros
1158 3159 1235 3244 ipsis

82 3271 296 3355 Callimachi,
327 3270 571 3355 Aristophanis,
601 3270 782 3335 Aristarchi
810 3271 962 3354 exemplis
989 3275 1133 3354 apparet.
1179 3269 1235 3334 oe-

81 3388 192 3446 terum
216 3381 244 3444 si
266 3403 286 3444 a
307 3386 503 3465 διορθωτικῷ
526 3401 645 3466 genere
660 3381 709 3444 vel
732 3381 945 3445 alienissimus
961 3380 1128 3464 Lycophro
1142 3378 1235 3444 Chal-

83 3491 229 3556 cidensis
244 3490 356 3555 fuerit:
379 3491 458 3555 satis
473 3512 620 3572 caussae,
645 3511 700 3554 cur
721 3490 803 3554 istuc
825 3490 1002 3556 allrameri
1025 3488 1236 3574 grammatico

94 3647 293 3656 ...ῃ-...4

150 3745 177 3811 ⁸)
190 3743 276 3796 Recte
290 3742 402 3810 quidem
413 3741 536 3797 Naehius
549 3743 621 3796 Diss.
634 3741 669 3796 de
680 3741 787 3796 Gallim.
802 3741 904 3796 Hecale
917 3759 945 3810 p.
959 3747 975 3795 t
988 3741 1139 3811 [Opusc.ll‚
1150 3749 1165 3797 8
1176 3743 1238 3810 aql:

83 3842 164 3904 Quod
187 3842 353 3904 lcapr'rrr'mam
377 3855 441 3904 opru
460 3840 605 3890 Callimachi
626 3839 708 3902 fuisse
729 3846 818 3902 pater,
840 3835 952 3888 Πίνακα
969 3841 1008 3889 vel
1024 3836 1150 3890 ΠΙνακαε
1168 3852 1237 3888 παν-

82 3933 226 3985 τοδαπῶν
244 3929 482 3996 (ιη’γραμμάτων,
500 3949 532 3982 ne
550 3936 630 3997 ipram
649 3933 747 3998 qra'dem
769 3933 865 3981 enormi
880 3933 963 3993 fuisse
981 3933 1136 3996 turpitudine
1158 3933 1238 3981 existi

83 4027 222 4088 moverim,
245 4039 298 4074 ccco
320 4025 392 4087 liora,
420 4024 509 4089 quibus
530 4025 594 4074 illud
617 4023 697 4075 Suida
724 4032 787 4074 teate
815 4026 940 4082 rorrrtilr't,
968 4033 1064 4075 reatum
1090 4032 1117 4076 el
1142 4024 1236 4088 viginti.

84 4126 186 4185 quanto
209 4117 302 4182 mapali
327 4117 418 4166 ambitu
440 4115 551 4178 [semul.
575 4119 720 4181 ipnorelar.
748 4125 774 4166 et
796 4133 860 4182 quae
883 4118 1029 4182 offerrentur
1050 4133 1085 4167 ex
1107 4133 1137 4167 eo
1159 4131 1237 4180 opere

85 4216 125 4261 ita
147 4216 299 4274 comparata
321 4211 385 4269 mul,
409 4216 435 4258 at
459 4209 575 4274 Calolopl
596 4209 742 4259 brevitatem
770 4209 887 4259 hebreicae
918 4217 994 4260 lotura
1022 4225 1086 4274 opus
1113 4209 1237 4262 rideatur.

86 4301 177 4354 Recte
195 4297 266 4352 haec
276 4297 336 4352 ille:
355 4298 404 4352 sed
421 4303 531 4364 tamen,
549 4299 580 4350 ut
598 4313 685 4363 usqne
698 4313 807 4364 quaque
819 4315 898 4352 suum
911 4297 1095 4352 Callimachus
1107 4297 1238 4351 iudicium

85 4391 303 4460 interposuerit,
321 4391 350 4444 id
368 4391 442 4458 quod
460 4409 476 4444 e
494 4389 659 4458 fragmentis
678 4390 839 4458 planissime
857 4393 1031 4462 perspicitur.

142 4496 186 4530 ra.
201 4494 364 4528 arrscuaarr
385 4493 531 4528 orosccta
552 4493 569 4526 r.
995 4477 1033 4540 10
