2990 5140
270 343 333 405 230
627 356 783 403 ’6666666
807 356 1065 404 66666666666

356 511 470 595 Atqui,
500 516 535 575 ut
557 511 684 574 redeam
706 509 790 573 unde
819 511 978 592 protectus
1006 531 1092 592 sum,
1121 510 1386 575 Callimachumiu

270 621 376 684 indice
399 621 595 685 conficiendo
623 622 726 704 prima
755 621 1020 703 uniuscuiusque
1046 620 1120 684 libri
1142 621 1237 684 verba
1264 622 1389 703 posuisse

271 734 408 794 testatur
431 731 617 795 Athenaeus
632 731 689 814 VI,
708 732 812 794 244A
834 734 865 793 et
881 729 970 810 XIII,
994 731 1056 795 585
1069 736 1100 794 C.
1138 731 1226 805 Quod
1249 754 1317 794 cum
1337 755 1389 796 uon

272 841 314 904 sit
341 863 396 905 cur
424 842 463 904 de
492 843 640 906 universo
668 864 762 925 opere
790 842 894 923 potius
923 863 1018 923 quarn
1045 840 1083 904 de
1112 841 1262 925 singuiis,
1292 843 1390 926 qiribrs

271 951 476 1016 distributum
493 957 577 1034 erat,
601 953 692 1016 libris
708 952 918 1034 accipiamus,
942 952 1079 1015 maxime
1094 952 1120 1014 si
1142 951 1270 1016 fabulae
1285 975 1391 1036 quoque

271 1063 365 1126 unius
398 1069 511 1146 poetae
544 1063 605 1127 hac
638 1063 762 1126 ratione
793 1062 932 1144 scriptae
964 1067 1072 1142 erant,
1108 1066 1272 1144 praeterea
1301 1069 1392 1126 661666

273 1174 441 1236 ν616661616
464 1174 591 1237 initium
614 1173 820 1237 indicandiun
848 1172 959 1252 fuerit,
990 1172 1219 1236 consectarium
1243 1177 1305 1254 est,
1333 1174 1391 1236 sim·

204 1299 255 1346 666
272 1282 402 1365 plicium
426 1287 457 1347 et
479 1285 650 1346 mixtorum
674 1283 868 1346 voluminiun
898 1281 1136 1346 distinctionem
1164 1283 1198 1346 in
1222 1283 1392 1348 Callimachi

272 1392 403 1456 Tabulis
420 1397 451 1457 61
473 1394 542 1456 lieri
564 1394 725 1474 debuisse,
750 1397 782 1455 et
803 1391 935 1456 alicuius
956 1392 1108 1456 momenti
1130 1393 1244 1474 fuisse,
1269 1415 1393 1476 praeser-

272 1503 418 1568 timeum
440 1504 486 1567 116
507 1508 634 1567 tantum
657 1503 796 1587 intelligi
820 1506 940 1585 posset,
965 1503 1039 1586 quid
1058 1503 1142 1566 16166
1163 1502 1310 1566 birrorum
1323 1504 1394 1567 rolu-

273 1615 395 1677 minum
424 1614 592 1678 materiam
621 1614 669 1676 vel
697 1613 915 1677 similitudinis
943 1613 992 1676 vel
1020 1612 1288 1676 dissimilitudinis
1313 1614 1393 1676 inter·

273 1729 366 1787 essct.
401 1725 470 1799 Qua
486 1725 519 1787 in
536 1746 569 1787 rc
585 1725 742 1787 incertum
758 1725 948 1807 reliuqiutur
963 1723 1057 1804 illud,
1075 1723 1101 1785 si
1117 1723 1243 1806 6666616
1259 1723 1393 1786 librorum

273 1833 422 1897 divisioni
452 1857 522 1897 ciun
552 1834 674 1896 librarii
705 1834 863 1917 scriptura
891 1833 1091 1914 convenerit,
1120 1855 1198 1895 num
1226 1833 1312 1896 inter
1337 1834 1394 1896 sim·

274 1943 370 2026 plicia
386 1944 418 2006 id
435 1945 581 2007 volumen
597 1945 732 2007 relatum
749 1947 805 2028 sit,
828 1967 870 2007 666
886 1944 1056 2006 mixtorum
1072 1964 1204 2006 nmnero
1225 1945 1394 2026 ascriptum.

274 2053 397 2116 Pendet
419 2055 504 2117 enim
526 2055 600 2118 inde
623 2054 791 2136 iudiciimr,
815 2077 892 2118 num
915 2054 969 2117 uni
986 2054 1097 2137 cuique
1112 2053 1267 2117 volumini
1290 2057 1395 2121 notaui.

274 2186 336 2246 qua
363 2169 419 2226 aut
446 2164 579 2248 simplex
608 2169 663 2229 aut
690 2166 825 2227 mixtum
853 2187 920 2227 6666
952 2165 1203 2248 significaretur,
1239 2165 1396 2246 ascriptam

274 2295 342 2336 csse
365 2274 596 2339 aCallimacho
619 2279 675 2339 aut
697 2297 749 2338 666
772 2274 885 2357 libros,
910 2275 962 2357 qui
986 2295 1043 2357 per
1066 2274 1228 2356 complura
1251 2276 1396 2338 volumina

274 2384 480 2466 pertinebant
488 2437 496 2468 ,
525 2408 665 2449 66666666
688 2385 809 2468 positos
832 2389 879 2466 ct,
910 2406 980 2447 cmn
1000 2384 1102 2446 maior
1123 2384 1319 2448 voluminum
1338 2406 1397 2466 pan

274 2495 374 2557 mixta
402 2499 500 2575 esset,
535 2495 594 2558 hoc
622 2495 751 2558 nomine
779 2495 949 2576 inscriptos
978 2493 1075 2558 dicas.
1135 2493 1280 2557 Alterius
1308 2499 1397 2557 66166

275 2603 487 2666 bibliothecae
510 2605 583 2667 libri
607 2627 662 2667 cur
684 2627 749 2668 non
765 2627 802 2668 66
826 2605 885 2667 1666
909 2604 1061 2686 bipertita
1083 2602 1238 2667 divisione
1254 2602 1397 2668 numerati

274 2712 409 2793 fuerint,
435 2735 531 2776 cansa
554 2718 602 2776 est
624 2715 716 2796 haec,
741 2716 815 2797 quia
838 2714 878 2777 ad
901 2715 971 2776 illos
993 2712 1181 2778 Callimachi
1204 2712 1326 2777 indices
1346 2734 1396 2776 uon

275 2822 530 2908 pertinebant*).

341 3077 365 3129 *ι
379 3075 465 3128 1166161
479 3077 618 3130 Plutarchi
637 3078 723 3131 666166
736 3079 836 3130 Antan.
863 3085 907 3130 58:
929 3078 1085 3131 Kotootcroc
1103 3079 1133 3131 δὲ
1152 3079 1286 3146 Κοίεορο(
1306 3081 1397 3144 trono(

274 3171 313 3221 ἐτι
338 3172 381 3220 καὶ
405 3174 497 3222 ταῦτα
524 3177 583 3224 τῶν
607 3171 645 3224 εἰ(
671 3171 853 3235 Κλεοπάτραν
876 3172 1060 3237 ἐγκλημάτων
1086 3171 1231 3237 Ἀντωνίῳ
1258 3175 1398 3238 προῦφερε.

275 3260 431 3326 χορίεαεθοι
450 3263 499 3324 μὲν
518 3264 589 3329 αὐτῇ
608 3265 658 3316 τὰ(
678 3265 708 3316 ἐκ
726 3263 878 3328 Περγάμου
897 3264 1083 3328 βιβλιοθήκας,
1106 3264 1135 3315 ἐν
1155 3263 1198 3316 otc
1218 3265 1302 3318 εῖκοει
1321 3261 1398 3328 μυριά-

273 3356 318 3406 ὸε(
338 3353 477 3418 βιβλίων
495 3357 617 3409 ἁπλῶν
635 3359 713 3420 iicon.
746 3355 816 3408 Nam
834 3373 894 3407 curu
914 3358 1021 3408 ἁπλοῦ(
1034 3355 1170 3408 vocabulo
1189 3354 1222 3408 dc
1241 3355 1319 3408 libris
1337 3354 1397 3407 oica

273 3447 361 3511 certa,
381 3465 451 3512 quae
472 3447 571 3513 ubique
585 3449 690 3512 661661,
710 3447 875 3516 significatio
893 3466 948 3501 non
966 3447 1043 3512 insit,
1063 3448 1112 3502 sod
1124 3448 1275 3501 seciurdum
1293 3448 1321 3501 id
1339 3445 1398 3514 quod

274 3540 422 3607 opponitur
441 3539 468 3592 in
488 3540 609 3593 diversas
629 3544 723 3608 partos
743 3541 831 3608 accipi
850 3545 945 3606 queat,
970 3559 1024 3593 non
1043 3540 1122 3594 video
1147 3541 1221 3606 quod
1240 3541 1276 3595 ah
1296 3542 1336 3594 his
1353 3557 1391 3592 666

273 3632 316 3684 bis
335 3633 466 3685 auxilium
485 3633 543 3686 iuro
562 3633 618 3701 peti
642 3633 737 3700 possit¹
776 3634 872 3699 ltaque
891 3633 918 3685 in
937 3652 966 3686 rc
984 3634 1089 3688 1666616
1107 3652 1124 3687 6
1143 3633 1226 3687 666116
1248 3632 1398 3688 testimonii

274 3726 409 3792 proficisci
429 3726 529 3778 rationi
549 3730 764 3779 6666661666666
787 3725 926 3789 cinximus,
950 3729 978 3777 ut
997 3727 1032 3780 ab
1057 3728 1108 3780 hac
1127 3729 1201 3780 66616
1219 3731 1300 3796 parte
1318 3728 1397 3780 nostru

275 3819 425 3878 sententia,
450 3836 532 3884 quam
557 3820 655 3871 6616666
680 3820 783 3872 habere
806 3837 859 3885 cpio
878 3820 1000 3882 laboret,
1029 3821 1148 3885 quodam
1171 3821 1255 3874 niodo
1278 3835 1398 3874 commcn-

274 3911 394 3964 daretnr.
432 3912 535 3964 Eadem
555 3915 649 3966 autern
668 3913 701 3965 de
721 3930 803 3965 causa
827 3913 860 3965 dc
879 3913 1027 3965 Plutarcho
1046 3930 1185 3979 nunquam
1208 3913 1398 3978 6666661166

274 4003 397 4057 nnmcbIt
421 4005 622 4072 interpretatio.
660 4005 807 4058 Possumus
832 4006 904 4058 666166
928 3999 1122 4060 nniuorunrbx
1145 4006 1204 4073 ipsa
1225 4006 1399 4060 1616161166-

274 4096 349 4150 11666
367 4097 484 4164 petitum
504 4116 558 4150 non
578 4099 610 4150 dc
625 4097 808 4151 voluminibus
822 4100 865 4150 rcl
878 4099 1032 4163 codicibus,
1051 4099 1099 4153 scd
1118 4099 1151 4152 de
1170 4098 1259 4162 libris,
1279 4099 1332 4165 qui,
1349 4113 1398 4148 curu

274 4189 397 4255 pluribus
411 4191 544 4260 exemplis
558 4193 697 4255 extarent,
718 4195 810 4245 166666
830 4192 1079 4258 1666666666166611
1098 4192 1133 4244 ab
1147 4195 1257 4245 oratore
1276 4187 1398 4244 munerati

275 4283 342 4346 sint,
362 4282 465 4336 dictum
484 4283 649 4338 existimare
682 4285 784 4338 Contra
804 4287 825 4338 61
846 4286 928 4339 666166
943 4305 960 4338 a
972 4285 1119 4338 Plutarcho
1138 4285 1234 4338 additu
1253 4277 1396 4337 assectari

275 4375 442 4429 voluminum
455 4397 598 4432 nurncrnnr
611 4377 750 4445 pertinere
763 4383 858 4446 putas,
877 4380 910 4432 dc
924 4397 1036 4433 nurnero
1050 4378 1139 4430 nnnus
1152 4381 1279 4432 accurate
1297 4371 1396 4429 denia·
