<?xml version="1.0" encoding="UTF-8"?>
<!DOCTYPE html PUBLIC "-//W3C//DTD XHTML 1.0 Transitional//EN"
    "http://www.w3.org/TR/xhtml1/DTD/xhtml1-transitional.dtd">
<html xmlns="http://www.w3.org/1999/xhtml" xml:lang="en" lang="en">
 <head>
  <title>
</title>
<meta http-equiv="Content-Type" content="text/html;charset=utf-8" />
  <meta name='ocr-system' content='tesseract 3.04.00' />
  <meta name='ocr-capabilities' content='ocr_page ocr_carea ocr_par ocr_line ocrx_word'/>
</head>
<body>
  <div class='ocr_page' id='page_1' title='image "./fridericiritsch04ritsgoog_0644.png"; bbox 0 0 2976 5140; ppageno 0'>
   <div class='ocr_carea' id='block_1_1' title="bbox 457 301 1214 366">
    <p class='ocr_par' dir='ltr' id='par_1_1' title="bbox 457 301 1214 366">
     <span class='ocr_line' id='line_1_1' title="bbox 457 301 1214 366; baseline 0.007 -6"><span class='ocrx_word' id='word_1_1' title='bbox 457 313 503 362; x_wconf 81' lang='grc'>55</span> <span class='ocrx_word' id='word_1_2' title='bbox 527 314 596 360; x_wconf 85' lang='lat' dir='ltr'>ouo</span> <span class='ocrx_word' id='word_1_3' title='bbox 620 313 664 360; x_wconf 82' lang='grc'>111</span> <span class='ocrx_word' id='word_1_4' title='bbox 688 315 830 362; x_wconf 82' lang='lat' dir='ltr'>oureus.</span> <span class='ocrx_word' id='word_1_5' title='bbox 1152 301 1214 366; x_wconf 87' lang='grc'>616</span> 
     </span>
    </p>
   </div>
   <div class='ocr_carea' id='block_1_2' title="bbox 75 466 1214 2522">
    <p class='ocr_par' dir='ltr' id='par_1_2' title="bbox 75 466 1214 2522">
     <span class='ocr_line' id='line_1_2' title="bbox 86 466 1214 554; baseline 0.005 -26"><span class='ocrx_word' id='word_1_6' title='bbox 86 488 156 550; x_wconf 85' lang='lat' dir='ltr'>esse,</span> <span class='ocrx_word' id='word_1_7' title='bbox 179 467 303 530; x_wconf 78' lang='lat' dir='ltr'><strong>aliunde</strong></span> <span class='ocrx_word' id='word_1_8' title='bbox 326 470 486 550; x_wconf 78' lang='lat' dir='ltr'><strong>sumptam</strong></span> <span class='ocrx_word' id='word_1_9' title='bbox 506 466 639 530; x_wconf 89' lang='lat' dir='ltr'>alteram</span> <span class='ocrx_word' id='word_1_10' title='bbox 662 467 755 532; x_wconf 70' lang='lat' dir='ltr'>(locet</span> <span class='ocrx_word' id='word_1_11' title='bbox 776 467 830 531; x_wconf 86' lang='lat' dir='ltr'>Et.</span> <span class='ocrx_word' id='word_1_12' title='bbox 854 469 897 532; x_wconf 92' lang='lat' dir='ltr'>M.</span> <span class='ocrx_word' id='word_1_13' title='bbox 922 491 954 552; x_wconf 92' lang='lat' dir='ltr'>p.</span> <span class='ocrx_word' id='word_1_14' title='bbox 979 471 1050 554; x_wconf 91' lang='grc'><strong>783,</strong></span> <span class='ocrx_word' id='word_1_15' title='bbox 1077 472 1125 535; x_wconf 89' lang='grc'>17.</span> <span class='ocrx_word' id='word_1_16' title='bbox 1171 471 1214 535; x_wconf 82' lang='lat' dir='ltr'>Et</span> 
     </span>
     <span class='ocr_line' id='line_1_3' title="bbox 86 577 1136 662; baseline 0.006 -23"><span class='ocrx_word' id='word_1_17' title='bbox 86 577 130 640; x_wconf 87' lang='lat' dir='ltr'>bie</span> <span class='ocrx_word' id='word_1_18' title='bbox 151 599 269 661; x_wconf 91' lang='lat' dir='ltr'>quoque</span> <span class='ocrx_word' id='word_1_19' title='bbox 291 577 390 658; x_wconf 80' lang='grc' dir='ltr'>Ὠροε</span> <span class='ocrx_word' id='word_1_20' title='bbox 413 578 432 643; x_wconf 88' lang='grc' dir='ltr'>ὁ</span> <span class='ocrx_word' id='word_1_21' title='bbox 455 577 607 656; x_wconf 67' lang='lat' dir='ltr'>Milium(</span> <span class='ocrx_word' id='word_1_22' title='bbox 630 581 679 641; x_wconf 89' lang='lat' dir='ltr'>est</span> <span class='ocrx_word' id='word_1_23' title='bbox 701 578 785 662; x_wconf 86' lang='lat' dir='ltr'>apud</span> <span class='ocrx_word' id='word_1_24' title='bbox 808 577 965 644; x_wconf 83' lang='lat' dir='ltr'>Zonaram</span> <span class='ocrx_word' id='word_1_25' title='bbox 987 602 1018 662; x_wconf 94' lang='lat' dir='ltr'>p.</span> <span class='ocrx_word' id='word_1_26' title='bbox 1045 581 1136 645; x_wconf 87' lang='lat'>1806.</span> 
     </span>
     <span class='ocr_line' id='line_1_4' title="bbox 161 687 1212 772; baseline 0.004 -20"><span class='ocrx_word' id='word_1_27' title='bbox 161 687 304 752; x_wconf 84' lang='grc'><strong>05151551</strong></span> <span class='ocrx_word' id='word_1_28' title='bbox 328 691 577 752; x_wconf 86' lang='lat' dir='ltr'>consentaneum</span> <span class='ocrx_word' id='word_1_29' title='bbox 601 692 660 771; x_wconf 87' lang='lat' dir='ltr'>est,</span> <span class='ocrx_word' id='word_1_30' title='bbox 684 689 765 772; x_wconf 84' lang='lat' dir='ltr'>quod</span> <span class='ocrx_word' id='word_1_31' title='bbox 782 689 821 752; x_wconf 86' lang='lat' dir='ltr'>de</span> <span class='ocrx_word' id='word_1_32' title='bbox 842 689 955 754; x_wconf 88' lang='lat' dir='ltr'>alienis</span> <span class='ocrx_word' id='word_1_33' title='bbox 978 691 1212 756; x_wconf 83' lang='lat' dir='ltr'>accessionibus</span> 
     </span>
     <span class='ocr_line' id='line_1_5' title="bbox 85 797 1210 886; baseline 0.005 -28"><span class='ocrx_word' id='word_1_34' title='bbox 85 799 113 859; x_wconf 93' lang='lat' dir='ltr'>in</span> <span class='ocrx_word' id='word_1_35' title='bbox 129 797 261 862; x_wconf 86' lang='lat' dir='ltr'>Orionea</span> <span class='ocrx_word' id='word_1_36' title='bbox 284 799 325 862; x_wconf 91' lang='lat' dir='ltr'>ab</span> <span class='ocrx_word' id='word_1_37' title='bbox 340 797 556 882; x_wconf 82' lang='lat' dir='ltr'>Etymologici</span> <span class='ocrx_word' id='word_1_38' title='bbox 573 799 616 862; x_wconf 89' lang='lat' dir='ltr'>M.</span> <span class='ocrx_word' id='word_1_39' title='bbox 634 803 763 862; x_wconf 86' lang='lat' dir='ltr'>auctore</span> <span class='ocrx_word' id='word_1_40' title='bbox 779 798 900 862; x_wconf 88' lang='lat' dir='ltr'>adsutis</span> <span class='ocrx_word' id='word_1_41' title='bbox 917 803 936 881; x_wconf 66' lang='grc' dir='ltr'>ξ</span> <span class='ocrx_word' id='word_1_42' title='bbox 953 803 973 864; x_wconf 87' lang='grc'><strong>0</strong></span> <span class='ocrx_word' id='word_1_43' title='bbox 995 801 1210 886; x_wconf 76' lang='lat' dir='ltr'><strong>disseruimus,</strong></span> 
     </span>
     <span class='ocr_line' id='line_1_6' title="bbox 84 905 1210 994; baseline 0.007 -25"><span class='ocrx_word' id='word_1_44' title='bbox 84 905 157 970; x_wconf 87' lang='lat' dir='ltr'>idem</span> <span class='ocrx_word' id='word_1_45' title='bbox 177 907 215 972; x_wconf 88' lang='lat' dir='ltr'>ad</span> <span class='ocrx_word' id='word_1_46' title='bbox 239 909 296 974; x_wconf 88' lang='lat' dir='ltr'>Ori</span> <span class='ocrx_word' id='word_1_47' title='bbox 319 931 442 993; x_wconf 89' lang='lat' dir='ltr'>quoque</span> <span class='ocrx_word' id='word_1_48' title='bbox 470 909 654 994; x_wconf 83' lang='lat' dir='ltr'>fragmenta</span> <span class='ocrx_word' id='word_1_49' title='bbox 683 909 723 972; x_wconf 89' lang='lat' dir='ltr'>ab</span> <span class='ocrx_word' id='word_1_50' title='bbox 746 911 865 974; x_wconf 85' lang='lat' dir='ltr'>Orione</span> <span class='ocrx_word' id='word_1_51' title='bbox 891 917 1017 974; x_wconf 87' lang='lat' dir='ltr'>servata</span> <span class='ocrx_word' id='word_1_52' title='bbox 1039 913 1210 994; x_wconf 88' lang='lat' dir='ltr'>pertinere.</span> 
     </span>
     <span class='ocr_line' id='line_1_7' title="bbox 84 1017 1209 1108; baseline 0.004 -27"><span class='ocrx_word' id='word_1_53' title='bbox 84 1017 190 1081; x_wconf 80' lang='lat' dir='ltr'>(bafer</span> <span class='ocrx_word' id='word_1_54' title='bbox 211 1019 340 1101; x_wconf 74' lang='lat' dir='ltr'>polluit,</span> <span class='ocrx_word' id='word_1_55' title='bbox 365 1021 464 1102; x_wconf 72' lang='lat' dir='ltr'>picot,</span> <span class='ocrx_word' id='word_1_56' title='bbox 487 1021 589 1103; x_wconf 81' lang='grc' dir='ltr'><strong>τηλία,</strong></span> <span class='ocrx_word' id='word_1_57' title='bbox 613 1021 718 1100; x_wconf 86' lang='grc' dir='ltr'>ὑπήνη</span> <span class='ocrx_word' id='word_1_58' title='bbox 741 1042 833 1084; x_wconf 90' lang='lat' dir='ltr'>voces</span> <span class='ocrx_word' id='word_1_59' title='bbox 857 1021 985 1086; x_wconf 85' lang='lat' dir='ltr'>Orionis</span> <span class='ocrx_word' id='word_1_60' title='bbox 1008 1043 1038 1105; x_wconf 87' lang='lat' dir='ltr'>p.</span> <span class='ocrx_word' id='word_1_61' title='bbox 1064 1022 1134 1108; x_wconf 97' lang='grc'><strong>140,</strong></span> <span class='ocrx_word' id='word_1_62' title='bbox 1158 1023 1209 1088; x_wconf 91' lang='grc'>27.</span> 
     </span>
     <span class='ocr_line' id='line_1_8' title="bbox 85 1129 1209 1216; baseline 0.009 -28"><span class='ocrx_word' id='word_1_63' title='bbox 85 1129 147 1210; x_wconf 85' lang='grc'><strong>139,</strong></span> <span class='ocrx_word' id='word_1_64' title='bbox 172 1129 218 1193; x_wconf 88' lang='grc'>19.</span> <span class='ocrx_word' id='word_1_65' title='bbox 245 1129 317 1213; x_wconf 87' lang='grc'><strong>154,</strong></span> <span class='ocrx_word' id='word_1_66' title='bbox 342 1131 371 1194; x_wconf 95' lang='grc'>7.</span> <span class='ocrx_word' id='word_1_67' title='bbox 398 1129 468 1212; x_wconf 89' lang='grc'><strong>155,</strong></span> <span class='ocrx_word' id='word_1_68' title='bbox 495 1131 510 1192; x_wconf 97' lang='grc'>1</span> <span class='ocrx_word' id='word_1_69' title='bbox 536 1152 606 1194; x_wconf 91' lang='lat' dir='ltr'>cum</span> <span class='ocrx_word' id='word_1_70' title='bbox 630 1129 738 1214; x_wconf 85' lang='lat' dir='ltr'>Etym.</span> <span class='ocrx_word' id='word_1_71' title='bbox 763 1130 807 1194; x_wconf 88' lang='lat' dir='ltr'>M.</span> <span class='ocrx_word' id='word_1_72' title='bbox 831 1153 863 1214; x_wconf 92' lang='lat' dir='ltr'>p.</span> <span class='ocrx_word' id='word_1_73' title='bbox 888 1132 960 1216; x_wconf 95' lang='grc'><strong>706,</strong></span> <span class='ocrx_word' id='word_1_74' title='bbox 987 1133 1035 1196; x_wconf 92' lang='grc'>13.</span> <span class='ocrx_word' id='word_1_75' title='bbox 1061 1133 1133 1215; x_wconf 91' lang='grc'><strong>704,</strong></span> <span class='ocrx_word' id='word_1_76' title='bbox 1157 1134 1209 1200; x_wconf 88' lang='grc'>25.</span> 
     </span>
     <span class='ocr_line' id='line_1_9' title="bbox 83 1228 1209 1327; baseline 0.004 -25"><span class='ocrx_word' id='word_1_77' title='bbox 83 1238 145 1321; x_wconf 89' lang='grc'><strong>757,</strong></span> <span class='ocrx_word' id='word_1_78' title='bbox 170 1241 195 1303; x_wconf 93' lang='lat' dir='ltr'>l.</span> <span class='ocrx_word' id='word_1_79' title='bbox 218 1241 291 1322; x_wconf 90' lang='grc'><strong>780,</strong></span> <span class='ocrx_word' id='word_1_80' title='bbox 307 1240 359 1304; x_wconf 90' lang='lat'>29.</span> <span class='ocrx_word' id='word_1_81' title='bbox 397 1240 556 1324; x_wconf 88' lang='lat' dir='ltr'>Aquibus</span> <span class='ocrx_word' id='word_1_82' title='bbox 578 1243 687 1304; x_wconf 86' lang='lat' dir='ltr'>tamen</span> <span class='ocrx_word' id='word_1_83' title='bbox 710 1228 884 1326; x_wconf 79' lang='lat' dir='ltr'>diligenter</span> <span class='ocrx_word' id='word_1_84' title='bbox 904 1241 1102 1326; x_wconf 85' lang='lat' dir='ltr'>seiungemla</span> <span class='ocrx_word' id='word_1_85' title='bbox 1124 1247 1209 1327; x_wconf 89' lang='lat' dir='ltr'>suut,</span> 
     </span>
     <span class='ocr_line' id='line_1_10' title="bbox 82 1347 1211 1436; baseline 0.007 -26"><span class='ocrx_word' id='word_1_86' title='bbox 82 1347 243 1432; x_wconf 76' lang='lat' dir='ltr'>inquibus</span> <span class='ocrx_word' id='word_1_87' title='bbox 272 1349 391 1416; x_wconf 87' lang='lat' dir='ltr'>Orione</span> <span class='ocrx_word' id='word_1_88' title='bbox 420 1351 576 1434; x_wconf 70' lang='lat' dir='ltr'>copiosius</span> <span class='ocrx_word' id='word_1_89' title='bbox 604 1351 862 1436; x_wconf 85' lang='lat' dir='ltr'>Etymologicum</span> <span class='ocrx_word' id='word_1_90' title='bbox 888 1352 1079 1436; x_wconf 79' lang='lat' dir='ltr'>integriores</span> <span class='ocrx_word' id='word_1_91' title='bbox 1101 1359 1211 1418; x_wconf 82' lang='lat' dir='ltr'>tamen</span> 
     </span>
     <span class='ocr_line' id='line_1_11' title="bbox 82 1461 1210 1544; baseline 0.008 -24"><span class='ocrx_word' id='word_1_92' title='bbox 82 1461 178 1522; x_wconf 85' lang='lat' dir='ltr'>tenere</span> <span class='ocrx_word' id='word_1_93' title='bbox 206 1461 263 1526; x_wconf 90' lang='lat' dir='ltr'>Ori</span> <span class='ocrx_word' id='word_1_94' title='bbox 292 1461 490 1542; x_wconf 85' lang='lat' dir='ltr'>notationes,</span> <span class='ocrx_word' id='word_1_95' title='bbox 524 1483 588 1524; x_wconf 91' lang='lat' dir='ltr'>uon</span> <span class='ocrx_word' id='word_1_96' title='bbox 623 1461 832 1544; x_wconf 86' lang='lat' dir='ltr'>interpolatas</span> <span class='ocrx_word' id='word_1_97' title='bbox 866 1461 1000 1526; x_wconf 66' lang='lat' dir='ltr'>violetur.</span> <span class='ocrx_word' id='word_1_98' title='bbox 1047 1463 1143 1528; x_wconf 89' lang='lat' dir='ltr'>Velut</span> <span class='ocrx_word' id='word_1_99' title='bbox 1176 1465 1210 1529; x_wconf 93' lang='lat' dir='ltr'>in</span> 
     </span>
     <span class='ocr_line' id='line_1_12' title="bbox 81 1567 1208 1658; baseline 0.009 -28"><span class='ocrx_word' id='word_1_100' title='bbox 81 1567 270 1655; x_wconf 70' lang='grc'><strong>6151151151,</strong></span> <span class='ocrx_word' id='word_1_101' title='bbox 295 1572 426 1651; x_wconf 78' lang='grc' dir='ltr'><strong>ὁμοκλή,</strong></span> <span class='ocrx_word' id='word_1_102' title='bbox 449 1575 602 1652; x_wconf 76' lang='grc' dir='ltr'>εταμῑνεε,</span> <span class='ocrx_word' id='word_1_103' title='bbox 627 1573 751 1652; x_wconf 80' lang='grc' dir='ltr'><strong>ετατήρ,</strong></span> <span class='ocrx_word' id='word_1_104' title='bbox 774 1573 868 1651; x_wconf 71' lang='lat' dir='ltr'>croti]</span> <span class='ocrx_word' id='word_1_105' title='bbox 891 1571 1020 1636; x_wconf 82' lang='lat' dir='ltr'>vocibus</span> <span class='ocrx_word' id='word_1_106' title='bbox 1036 1573 1092 1638; x_wconf 91' lang='lat' dir='ltr'>Or.</span> <span class='ocrx_word' id='word_1_107' title='bbox 1108 1598 1139 1658; x_wconf 92' lang='lat' dir='ltr'>p.</span> <span class='ocrx_word' id='word_1_108' title='bbox 1158 1576 1208 1658; x_wconf 86' lang='grc'>73,</span> 
     </span>
     <span class='ocr_line' id='line_1_13' title="bbox 82 1681 1209 1765; baseline 0.008 -25"><span class='ocrx_word' id='word_1_109' title='bbox 82 1681 105 1740; x_wconf 92' lang='grc'>1.</span> <span class='ocrx_word' id='word_1_110' title='bbox 129 1681 198 1764; x_wconf 89' lang='grc'><strong>118,</strong></span> <span class='ocrx_word' id='word_1_111' title='bbox 223 1683 255 1745; x_wconf 90' lang='grc'>0.</span> <span class='ocrx_word' id='word_1_112' title='bbox 283 1681 359 1763; x_wconf 89' lang='grc'><strong>123,</strong></span> <span class='ocrx_word' id='word_1_113' title='bbox 382 1682 434 1745; x_wconf 90' lang='lat'>29.</span> <span class='ocrx_word' id='word_1_114' title='bbox 462 1682 538 1764; x_wconf 88' lang='grc'><strong>142,</strong></span> <span class='ocrx_word' id='word_1_115' title='bbox 562 1682 614 1746; x_wconf 89' lang='lat'>21.</span> <span class='ocrx_word' id='word_1_116' title='bbox 647 1683 723 1765; x_wconf 88' lang='grc'><strong>148,</strong></span> <span class='ocrx_word' id='word_1_117' title='bbox 746 1683 797 1746; x_wconf 85' lang='grc'>25.</span> <span class='ocrx_word' id='word_1_118' title='bbox 831 1683 904 1764; x_wconf 87' lang='grc'><strong>150,</strong></span> <span class='ocrx_word' id='word_1_119' title='bbox 930 1683 965 1765; x_wconf 88' lang='grc'>7,</span> <span class='ocrx_word' id='word_1_120' title='bbox 991 1684 1209 1749; x_wconf 82' lang='grc'><strong>5565115555</strong></span> 
     </span>
     <span class='ocr_line' id='line_1_14' title="bbox 81 1785 1208 1879; baseline 0.008 -29"><span class='ocrx_word' id='word_1_121' title='bbox 81 1785 124 1852; x_wconf 85' lang='lat' dir='ltr'>llt.</span> <span class='ocrx_word' id='word_1_122' title='bbox 147 1789 189 1853; x_wconf 87' lang='lat' dir='ltr'>M.</span> <span class='ocrx_word' id='word_1_123' title='bbox 212 1813 246 1874; x_wconf 94' lang='lat' dir='ltr'>p.</span> <span class='ocrx_word' id='word_1_124' title='bbox 269 1791 345 1873; x_wconf 88' lang='grc'><strong>452,</strong></span> <span class='ocrx_word' id='word_1_125' title='bbox 371 1793 419 1855; x_wconf 93' lang='grc'>16.</span> <span class='ocrx_word' id='word_1_126' title='bbox 444 1791 517 1874; x_wconf 90' lang='grc'><strong>623,</strong></span> <span class='ocrx_word' id='word_1_127' title='bbox 541 1791 593 1856; x_wconf 88' lang='grc'><strong>58.</strong></span> <span class='ocrx_word' id='word_1_128' title='bbox 617 1791 690 1874; x_wconf 90' lang='grc'><strong>625,</strong></span> <span class='ocrx_word' id='word_1_129' title='bbox 717 1791 765 1855; x_wconf 91' lang='grc'><strong>14.</strong></span> <span class='ocrx_word' id='word_1_130' title='bbox 790 1793 862 1874; x_wconf 89' lang='grc'><strong>724,</strong></span> <span class='ocrx_word' id='word_1_131' title='bbox 885 1793 937 1856; x_wconf 89' lang='grc'>56.</span> <span class='ocrx_word' id='word_1_132' title='bbox 963 1791 1035 1876; x_wconf 89' lang='grc'><strong>725,</strong></span> <span class='ocrx_word' id='word_1_133' title='bbox 1062 1796 1110 1858; x_wconf 95' lang='grc'>11.</span> <span class='ocrx_word' id='word_1_134' title='bbox 1136 1795 1208 1879; x_wconf 90' lang='grc'><strong>728,</strong></span> 
     </span>
     <span class='ocr_line' id='line_1_15' title="bbox 82 1901 1206 1988; baseline 0.007 -28"><span class='ocrx_word' id='word_1_135' title='bbox 82 1901 127 1963; x_wconf 84' lang='lat'>13:</span> <span class='ocrx_word' id='word_1_136' title='bbox 147 1901 260 1984; x_wconf 90' lang='lat' dir='ltr'>quibus</span> <span class='ocrx_word' id='word_1_137' title='bbox 281 1901 362 1964; x_wconf 91' lang='lat' dir='ltr'>adde</span> <span class='ocrx_word' id='word_1_138' title='bbox 378 1901 537 1985; x_wconf 85' lang='lat' dir='ltr'>pleniores</span> <span class='ocrx_word' id='word_1_139' title='bbox 553 1923 648 1985; x_wconf 89' lang='lat' dir='ltr'>quam</span> <span class='ocrx_word' id='word_1_140' title='bbox 671 1902 755 1985; x_wconf 86' lang='lat' dir='ltr'>apud</span> <span class='ocrx_word' id='word_1_141' title='bbox 771 1902 923 1966; x_wconf 89' lang='lat' dir='ltr'>Orionem</span> <span class='ocrx_word' id='word_1_142' title='bbox 945 1925 976 1986; x_wconf 91' lang='lat' dir='ltr'>p.</span> <span class='ocrx_word' id='word_1_143' title='bbox 995 1905 1045 1988; x_wconf 90' lang='grc'><strong>75,</strong></span> <span class='ocrx_word' id='word_1_144' title='bbox 1062 1905 1093 1968; x_wconf 90' lang='grc'><strong>6.</strong></span> <span class='ocrx_word' id='word_1_145' title='bbox 1110 1905 1162 1988; x_wconf 92' lang='grc'>80,</span> <span class='ocrx_word' id='word_1_146' title='bbox 1177 1907 1206 1968; x_wconf 87' lang='grc'>3.</span> 
     </span>
     <span class='ocr_line' id='line_1_16' title="bbox 79 2009 1206 2098; baseline 0.011 -30"><span class='ocrx_word' id='word_1_147' title='bbox 79 2009 126 2090; x_wconf 65' lang='lat' dir='ltr'>to,</span> <span class='ocrx_word' id='word_1_148' title='bbox 148 2011 177 2075; x_wconf 90' lang='grc'><strong>6.</strong></span> <span class='ocrx_word' id='word_1_149' title='bbox 202 2013 283 2094; x_wconf 86' lang='grc'><strong>146,</strong></span> <span class='ocrx_word' id='word_1_150' title='bbox 308 2013 328 2075; x_wconf 88' lang='grc'><strong>6</strong></span> <span class='ocrx_word' id='word_1_151' title='bbox 351 2011 495 2076; x_wconf 81' lang='lat' dir='ltr'>Zonaras</span> <span class='ocrx_word' id='word_1_152' title='bbox 517 2033 610 2076; x_wconf 88' lang='lat' dir='ltr'>voces</span> <span class='ocrx_word' id='word_1_153' title='bbox 633 2012 708 2092; x_wconf 81' lang='grc' dir='ltr'>ἰωή,</span> <span class='ocrx_word' id='word_1_154' title='bbox 731 2014 869 2092; x_wconf 66' lang='grc' dir='ltr'>καρπός,</span> <span class='ocrx_word' id='word_1_155' title='bbox 902 2015 1030 2094; x_wconf 75' lang='lat' dir='ltr'>crepuit</span> <span class='ocrx_word' id='word_1_156' title='bbox 1057 2037 1088 2098; x_wconf 87' lang='lat' dir='ltr'>p.</span> <span class='ocrx_word' id='word_1_157' title='bbox 1116 2017 1206 2080; x_wconf 84' lang='grc'><strong>1138.</strong></span> 
     </span>
     <span class='ocr_line' id='line_1_17' title="bbox 79 2120 1205 2210; baseline 0.009 -30"><span class='ocrx_word' id='word_1_158' title='bbox 79 2120 158 2185; x_wconf 87' lang='grc'><strong>1147.</strong></span> <span class='ocrx_word' id='word_1_159' title='bbox 190 2121 285 2187; x_wconf 89' lang='grc'><strong>1668.</strong></span> <span class='ocrx_word' id='word_1_160' title='bbox 330 2122 475 2206; x_wconf 89' lang='lat' dir='ltr'>Denique</span> <span class='ocrx_word' id='word_1_161' title='bbox 503 2127 610 2186; x_wconf 87' lang='lat' dir='ltr'>autem</span> <span class='ocrx_word' id='word_1_162' title='bbox 640 2144 704 2187; x_wconf 92' lang='lat' dir='ltr'>non</span> <span class='ocrx_word' id='word_1_163' title='bbox 728 2123 1205 2210; x_wconf 65' lang='grc'><strong>11555111551111511551511111111,</strong></span> 
     </span>
     <span class='ocr_line' id='line_1_18' title="bbox 76 2227 1207 2319; baseline 0.007 -28"><span class='ocrx_word' id='word_1_164' title='bbox 76 2227 233 2314; x_wconf 83' lang='lat' dir='ltr'>inquibus</span> <span class='ocrx_word' id='word_1_165' title='bbox 257 2233 298 2296; x_wconf 90' lang='lat' dir='ltr'>ab</span> <span class='ocrx_word' id='word_1_166' title='bbox 321 2232 545 2318; x_wconf 83' lang='lat' dir='ltr'>Etymologico</span> <span class='ocrx_word' id='word_1_167' title='bbox 573 2237 698 2297; x_wconf 87' lang='lat' dir='ltr'>servata</span> <span class='ocrx_word' id='word_1_168' title='bbox 721 2234 778 2298; x_wconf 89' lang='lat' dir='ltr'>Ori</span> <span class='ocrx_word' id='word_1_169' title='bbox 806 2233 912 2318; x_wconf 86' lang='lat' dir='ltr'>aliqua</span> <span class='ocrx_word' id='word_1_170' title='bbox 935 2234 1059 2298; x_wconf 82' lang='lat' dir='ltr'>notatio</span> <span class='ocrx_word' id='word_1_171' title='bbox 1082 2237 1207 2319; x_wconf 87' lang='lat' dir='ltr'>supple-</span> 
     </span>
     <span class='ocr_line' id='line_1_19' title="bbox 75 2343 1207 2428; baseline 0.01 -28"><span class='ocrx_word' id='word_1_172' title='bbox 75 2343 137 2403; x_wconf 87' lang='lat' dir='ltr'>atur</span> <span class='ocrx_word' id='word_1_173' title='bbox 157 2364 194 2406; x_wconf 91' lang='grc'>511</span> <span class='ocrx_word' id='word_1_174' title='bbox 217 2343 339 2408; x_wconf 87' lang='lat' dir='ltr'>Orione</span> <span class='ocrx_word' id='word_1_175' title='bbox 361 2347 523 2427; x_wconf 87' lang='lat' dir='ltr'>oporteat,</span> <span class='ocrx_word' id='word_1_176' title='bbox 551 2367 742 2428; x_wconf 89' lang='lat' dir='ltr'>quamquam</span> <span class='ocrx_word' id='word_1_177' title='bbox 766 2343 822 2409; x_wconf 91' lang='lat' dir='ltr'>Ori</span> <span class='ocrx_word' id='word_1_178' title='bbox 851 2367 967 2408; x_wconf 87' lang='lat' dir='ltr'>nomon</span> <span class='ocrx_word' id='word_1_179' title='bbox 990 2347 1133 2411; x_wconf 81' lang='lat' dir='ltr'>tacerrte:</span> <span class='ocrx_word' id='word_1_180' title='bbox 1171 2349 1207 2411; x_wconf 92' lang='lat' dir='ltr'>ut</span> 
     </span>
     <span class='ocr_line' id='line_1_20' title="bbox 75 2451 1205 2522; baseline 0.009 -11"><span class='ocrx_word' id='word_1_181' title='bbox 75 2451 191 2516; x_wconf 87' lang='lat' dir='ltr'>nonsit</span> <span class='ocrx_word' id='word_1_182' title='bbox 219 2453 340 2516; x_wconf 91' lang='lat' dir='ltr'>nullius</span> <span class='ocrx_word' id='word_1_183' title='bbox 368 2477 441 2518; x_wconf 84' lang='lat' dir='ltr'>usus</span> <span class='ocrx_word' id='word_1_184' title='bbox 465 2455 594 2518; x_wconf 88' lang='lat' dir='ltr'>Orionis</span> <span class='ocrx_word' id='word_1_185' title='bbox 621 2455 757 2518; x_wconf 86' lang='lat' dir='ltr'>lexicmn</span> <span class='ocrx_word' id='word_1_186' title='bbox 783 2454 823 2518; x_wconf 88' lang='lat' dir='ltr'>ad</span> <span class='ocrx_word' id='word_1_187' title='bbox 845 2455 1000 2518; x_wconf 82' lang='lat' dir='ltr'>eruendas</span> <span class='ocrx_word' id='word_1_188' title='bbox 1024 2457 1205 2522; x_wconf 88' lang='lat' dir='ltr'>instauran-</span> 
     </span>
    </p>
   </div>
   <div class='ocr_carea' id='block_1_3' title="bbox 73 2557 1205 2978">
    <p class='ocr_par' dir='ltr' id='par_1_3' title="bbox 73 2557 1205 2978">
     <span class='ocr_line' id='line_1_21' title="bbox 73 2557 1203 2651; baseline 0.011 -31"><span class='ocrx_word' id='word_1_189' title='bbox 73 2557 178 2646; x_wconf 86' lang='lat' dir='ltr'>dasque</span> <span class='ocrx_word' id='word_1_190' title='bbox 206 2564 265 2629; x_wconf 89' lang='lat' dir='ltr'>Ori</span> <span class='ocrx_word' id='word_1_191' title='bbox 288 2563 407 2628; x_wconf 83' lang='lat' dir='ltr'>Milesii</span> <span class='ocrx_word' id='word_1_192' title='bbox 434 2565 594 2650; x_wconf 90' lang='lat' dir='ltr'>reliquias.</span> <span class='ocrx_word' id='word_1_193' title='bbox 640 2565 676 2628; x_wconf 79' lang='lat' dir='ltr'>ul</span> <span class='ocrx_word' id='word_1_194' title='bbox 704 2565 787 2648; x_wconf 85' lang='lat' dir='ltr'>quod</span> <span class='ocrx_word' id='word_1_195' title='bbox 816 2565 861 2628; x_wconf 89' lang='lat' dir='ltr'>ita</span> <span class='ocrx_word' id='word_1_196' title='bbox 892 2587 960 2628; x_wconf 88' lang='lat' dir='ltr'>esse</span> <span class='ocrx_word' id='word_1_197' title='bbox 982 2566 1151 2651; x_wconf 78' lang='lat' dir='ltr'>intelleges</span> <span class='ocrx_word' id='word_1_198' title='bbox 1174 2592 1203 2632; x_wconf 81' lang='lat' dir='ltr'>v.</span> 
     </span>
     <span class='ocr_line' id='line_1_22' title="bbox 73 2675 1205 2761; baseline 0.008 -27"><span class='ocrx_word' id='word_1_199' title='bbox 73 2675 217 2754; x_wconf 75' lang='grc' dir='ltr'>ζαχρειήε,</span> <span class='ocrx_word' id='word_1_200' title='bbox 242 2675 318 2742; x_wconf 70' lang='grc' dir='ltr'>ὄξος</span> <span class='ocrx_word' id='word_1_201' title='bbox 341 2675 396 2740; x_wconf 90' lang='lat' dir='ltr'>Or.</span> <span class='ocrx_word' id='word_1_202' title='bbox 421 2697 452 2758; x_wconf 90' lang='lat' dir='ltr'>p.</span> <span class='ocrx_word' id='word_1_203' title='bbox 476 2676 576 2758; x_wconf 91' lang='grc'><strong>67,1.</strong></span> <span class='ocrx_word' id='word_1_204' title='bbox 604 2676 741 2758; x_wconf 89' lang='grc'><strong>118,11.</strong></span> <span class='ocrx_word' id='word_1_205' title='bbox 766 2675 820 2739; x_wconf 85' lang='grc' dir='ltr'>Ε1.</span> <span class='ocrx_word' id='word_1_206' title='bbox 838 2675 882 2738; x_wconf 92' lang='lat' dir='ltr'>M.</span> <span class='ocrx_word' id='word_1_207' title='bbox 899 2676 972 2758; x_wconf 85' lang='grc'><strong>408,</strong></span> <span class='ocrx_word' id='word_1_208' title='bbox 989 2676 1042 2740; x_wconf 91' lang='lat'>29.</span> <span class='ocrx_word' id='word_1_209' title='bbox 1065 2679 1137 2761; x_wconf 90' lang='grc'><strong>626,</strong></span> <span class='ocrx_word' id='word_1_210' title='bbox 1163 2679 1205 2744; x_wconf 86' lang='grc'><strong>40</strong></span> 
     </span>
     <span class='ocr_line' id='line_1_23' title="bbox 73 2781 1203 2870; baseline 0.01 -29"><span class='ocrx_word' id='word_1_211' title='bbox 73 2781 194 2867; x_wconf 86' lang='lat' dir='ltr'>aliisque</span> <span class='ocrx_word' id='word_1_212' title='bbox 216 2783 350 2848; x_wconf 91' lang='lat' dir='ltr'>minime</span> <span class='ocrx_word' id='word_1_213' title='bbox 373 2785 494 2869; x_wconf 88' lang='lat' dir='ltr'>paucis.</span> <span class='ocrx_word' id='word_1_214' title='bbox 539 2787 624 2860; x_wconf 83' lang='lat' dir='ltr'>Quas</span> <span class='ocrx_word' id='word_1_215' title='bbox 652 2786 834 2849; x_wconf 86' lang='lat' dir='ltr'>notationes</span> <span class='ocrx_word' id='word_1_216' title='bbox 863 2789 994 2850; x_wconf 89' lang='lat' dir='ltr'>cunctas</span> <span class='ocrx_word' id='word_1_217' title='bbox 1022 2809 1116 2870; x_wconf 88' lang='lat' dir='ltr'>quem</span> <span class='ocrx_word' id='word_1_218' title='bbox 1139 2811 1203 2852; x_wconf 91' lang='lat' dir='ltr'>non</span> 
     </span>
     <span class='ocr_line' id='line_1_24' title="bbox 73 2890 1203 2978; baseline 0.009 -26"><span class='ocrx_word' id='word_1_219' title='bbox 73 2890 201 2975; x_wconf 89' lang='lat' dir='ltr'>piguerit</span> <span class='ocrx_word' id='word_1_220' title='bbox 223 2895 370 2959; x_wconf 84' lang='lat' dir='ltr'>evolvere</span> <span class='ocrx_word' id='word_1_221' title='bbox 393 2898 425 2958; x_wconf 88' lang='lat' dir='ltr'>et</span> <span class='ocrx_word' id='word_1_222' title='bbox 447 2895 585 2959; x_wconf 83' lang='lat' dir='ltr'>invicem</span> <span class='ocrx_word' id='word_1_223' title='bbox 608 2895 692 2959; x_wconf 84' lang='lat' dir='ltr'>inter</span> <span class='ocrx_word' id='word_1_224' title='bbox 714 2917 748 2959; x_wconf 88' lang='lat' dir='ltr'>se</span> <span class='ocrx_word' id='word_1_225' title='bbox 771 2897 927 2978; x_wconf 83' lang='lat' dir='ltr'>conferre,</span> <span class='ocrx_word' id='word_1_226' title='bbox 954 2895 981 2958; x_wconf 92' lang='lat' dir='ltr'>is</span> <span class='ocrx_word' id='word_1_227' title='bbox 1004 2919 1069 2960; x_wconf 89' lang='lat' dir='ltr'>non</span> <span class='ocrx_word' id='word_1_228' title='bbox 1092 2897 1203 2962; x_wconf 88' lang='lat' dir='ltr'>dubito</span> 
     </span>
    </p>
   </div>
   <div class='ocr_carea' id='block_1_4' title="bbox 70 3001 1202 3418">
    <p class='ocr_par' dir='ltr' id='par_1_4' title="bbox 70 3001 1202 3418">
     <span class='ocr_line' id='line_1_25' title="bbox 72 3001 1202 3088; baseline 0.008 -25"><span class='ocrx_word' id='word_1_229' title='bbox 72 3001 139 3082; x_wconf 90' lang='lat' dir='ltr'>quin</span> <span class='ocrx_word' id='word_1_230' title='bbox 166 3005 375 3088; x_wconf 87' lang='lat' dir='ltr'>praecipuum</span> <span class='ocrx_word' id='word_1_231' title='bbox 398 3005 528 3088; x_wconf 86' lang='lat' dir='ltr'>Orioni,</span> <span class='ocrx_word' id='word_1_232' title='bbox 557 3027 651 3088; x_wconf 88' lang='lat' dir='ltr'>quem</span> <span class='ocrx_word' id='word_1_233' title='bbox 678 3011 878 3088; x_wconf 82' lang='lat' dir='ltr'>sequentur,</span> <span class='ocrx_word' id='word_1_234' title='bbox 912 3009 1074 3072; x_wconf 82' lang='lat' dir='ltr'>auctorem</span> <span class='ocrx_word' id='word_1_235' title='bbox 1103 3008 1202 3072; x_wconf 85' lang='lat' dir='ltr'>Orum</span> 
     </span>
     <span class='ocr_line' id='line_1_26' title="bbox 71 3109 1202 3202; baseline 0.011 -32"><span class='ocrx_word' id='word_1_236' title='bbox 71 3109 158 3175; x_wconf 86' lang='lat' dir='ltr'>fuisse</span> <span class='ocrx_word' id='word_1_237' title='bbox 187 3135 397 3178; x_wconf 87' lang='lat' dir='ltr'>concessurus</span> <span class='ocrx_word' id='word_1_238' title='bbox 425 3116 468 3180; x_wconf 90' lang='lat' dir='ltr'>sit</span> <span class='ocrx_word' id='word_1_239' title='bbox 494 3116 730 3180; x_wconf 86' lang='lat' dir='ltr'>lubentissime:</span> <span class='ocrx_word' id='word_1_240' title='bbox 767 3139 824 3180; x_wconf 90' lang='lat' dir='ltr'>uos</span> <span class='ocrx_word' id='word_1_241' title='bbox 854 3116 1022 3200; x_wconf 88' lang='lat' dir='ltr'>quominus</span> <span class='ocrx_word' id='word_1_242' title='bbox 1053 3119 1202 3202; x_wconf 88' lang='lat' dir='ltr'>congruis</span> 
     </span>
     <span class='ocr_line' id='line_1_27' title="bbox 70 3219 1202 3310; baseline 0.007 -26"><span class='ocrx_word' id='word_1_243' title='bbox 70 3219 236 3307; x_wconf 88' lang='lat' dir='ltr'>quibusque</span> <span class='ocrx_word' id='word_1_244' title='bbox 258 3224 347 3288; x_wconf 81' lang='lat' dir='ltr'>iuxta</span> <span class='ocrx_word' id='word_1_245' title='bbox 370 3225 482 3308; x_wconf 88' lang='lat' dir='ltr'>positis</span> <span class='ocrx_word' id='word_1_246' title='bbox 497 3225 575 3290; x_wconf 91' lang='lat' dir='ltr'>illud</span> <span class='ocrx_word' id='word_1_247' title='bbox 593 3226 760 3290; x_wconf 88' lang='lat' dir='ltr'>consilium</span> <span class='ocrx_word' id='word_1_248' title='bbox 782 3226 993 3310; x_wconf 86' lang='lat' dir='ltr'>sublevemus,</span> <span class='ocrx_word' id='word_1_249' title='bbox 1018 3227 1202 3292; x_wconf 85' lang='lat' dir='ltr'>chartarum</span> 
     </span>
     <span class='ocr_line' id='line_1_28' title="bbox 70 3333 458 3418; baseline 0.015 -26"><span class='ocrx_word' id='word_1_250' title='bbox 70 3333 218 3416; x_wconf 86' lang='lat' dir='ltr'>angustiis</span> <span class='ocrx_word' id='word_1_251' title='bbox 242 3333 458 3418; x_wconf 88' lang='lat' dir='ltr'>prohibemur.</span> 
     </span>
    </p>
   </div>
   <div class='ocr_carea' id='block_1_5' title="bbox 584 3617 678 3696">
    <p class='ocr_par' dir='ltr' id='par_1_5' title="bbox 584 3617 678 3696">
     <span class='ocr_line' id='line_1_29' title="bbox 584 3617 678 3696; baseline 0 -18"><span class='ocrx_word' id='word_1_252' title='bbox 584 3619 604 3696; x_wconf 71' lang='lat' dir='ltr'>s</span> <span class='ocrx_word' id='word_1_253' title='bbox 628 3617 678 3678; x_wconf 85' lang='grc'>15.</span> 
     </span>
    </p>
   </div>
   <div class='ocr_carea' id='block_1_6' title="bbox 64 3773 1250 4414">
    <p class='ocr_par' dir='ltr' id='par_1_6' title="bbox 64 3773 1250 4414">
     <span class='ocr_line' id='line_1_30' title="bbox 145 3773 1250 3862; baseline 0.007 -24"><span class='ocrx_word' id='word_1_254' title='bbox 145 3773 239 3839; x_wconf 85' lang='grc' dir='ltr'><strong>Ν555</strong></span> <span class='ocrx_word' id='word_1_255' title='bbox 261 3779 298 3840; x_wconf 87' lang='grc'>51</span> <span class='ocrx_word' id='word_1_256' title='bbox 321 3776 430 3841; x_wconf 86' lang='lat' dir='ltr'>redeat</span> <span class='ocrx_word' id='word_1_257' title='bbox 452 3776 535 3842; x_wconf 88' lang='lat' dir='ltr'>unde</span> <span class='ocrx_word' id='word_1_258' title='bbox 550 3776 811 3860; x_wconf 87' lang='lat' dir='ltr'>proficiscebatur</span> <span class='ocrx_word' id='word_1_259' title='bbox 826 3777 943 3840; x_wconf 87' lang='lat' dir='ltr'>oratio:</span> <span class='ocrx_word' id='word_1_260' title='bbox 967 3777 1049 3862; x_wconf 92' lang='lat' dir='ltr'>quod</span> <span class='ocrx_word' id='word_1_261' title='bbox 1067 3778 1106 3842; x_wconf 90' lang='lat' dir='ltr'>de</span> <span class='ocrx_word' id='word_1_262' title='bbox 1122 3779 1199 3862; x_wconf 92' lang='lat' dir='ltr'>ipsis</span> <span class='ocrx_word' id='word_1_263' title='bbox 1218 3801 1250 3848; x_wconf 80' lang='grc'>35</span> 
     </span>
     <span class='ocr_line' id='line_1_31' title="bbox 66 3886 1198 3970; baseline 0.007 -26"><span class='ocrx_word' id='word_1_264' title='bbox 66 3886 238 3968; x_wconf 86' lang='lat' dir='ltr'>praeceptis</span> <span class='ocrx_word' id='word_1_265' title='bbox 260 3887 480 3970; x_wconf 88' lang='lat' dir='ltr'>grammaticis</span> <span class='ocrx_word' id='word_1_266' title='bbox 502 3887 790 3970; x_wconf 83' lang='lat' dir='ltr'>vocabulorumque</span> <span class='ocrx_word' id='word_1_267' title='bbox 819 3887 1037 3951; x_wconf 86' lang='lat' dir='ltr'>notationibus</span> <span class='ocrx_word' id='word_1_268' title='bbox 1060 3889 1198 3952; x_wconf 88' lang='lat' dir='ltr'>ostendi-</span> 
     </span>
     <span class='ocr_line' id='line_1_32' title="bbox 65 3994 1198 4075; baseline 0.007 -22"><span class='ocrx_word' id='word_1_269' title='bbox 65 4011 140 4075; x_wconf 89' lang='lat' dir='ltr'>mus,</span> <span class='ocrx_word' id='word_1_270' title='bbox 163 3994 195 4058; x_wconf 90' lang='lat' dir='ltr'>id</span> <span class='ocrx_word' id='word_1_271' title='bbox 218 3997 284 4058; x_wconf 90' lang='lat' dir='ltr'>noli</span> <span class='ocrx_word' id='word_1_272' title='bbox 307 3995 453 4060; x_wconf 90' lang='lat' dir='ltr'>dubitare</span> <span class='ocrx_word' id='word_1_273' title='bbox 476 3997 510 4061; x_wconf 91' lang='lat' dir='ltr'>in</span> <span class='ocrx_word' id='word_1_274' title='bbox 533 3998 705 4062; x_wconf 88' lang='lat' dir='ltr'>coniuncta</span> <span class='ocrx_word' id='word_1_275' title='bbox 721 4019 792 4060; x_wconf 92' lang='lat' dir='ltr'>cum</span> <span class='ocrx_word' id='word_1_276' title='bbox 808 3995 871 4060; x_wconf 91' lang='lat' dir='ltr'>illis</span> <span class='ocrx_word' id='word_1_277' title='bbox 887 3997 1071 4060; x_wconf 84' lang='lat' dir='ltr'>testimonia</span> <span class='ocrx_word' id='word_1_278' title='bbox 1094 4001 1198 4062; x_wconf 81' lang='grc'><strong>1111115-</strong></span> 
     </span>
     <span class='ocr_line' id='line_1_33' title="bbox 65 4099 1197 4192; baseline 0.01 -31"><span class='ocrx_word' id='word_1_279' title='bbox 65 4099 152 4166; x_wconf 86' lang='grc'><strong>15115.</strong></span> <span class='ocrx_word' id='word_1_280' title='bbox 198 4103 301 4179; x_wconf 82' lang='lat' dir='ltr'>Quam</span> <span class='ocrx_word' id='word_1_281' title='bbox 323 4107 357 4170; x_wconf 92' lang='lat' dir='ltr'>in</span> <span class='ocrx_word' id='word_1_282' title='bbox 380 4127 447 4170; x_wconf 90' lang='lat' dir='ltr'>rem</span> <span class='ocrx_word' id='word_1_283' title='bbox 469 4107 588 4192; x_wconf 89' lang='lat' dir='ltr'>duplici</span> <span class='ocrx_word' id='word_1_284' title='bbox 613 4107 733 4171; x_wconf 88' lang='lat' dir='ltr'>utimur</span> <span class='ocrx_word' id='word_1_285' title='bbox 760 4112 964 4191; x_wconf 86' lang='lat' dir='ltr'>argumento:</span> <span class='ocrx_word' id='word_1_286' title='bbox 1002 4106 1102 4170; x_wconf 85' lang='lat' dir='ltr'>altero</span> <span class='ocrx_word' id='word_1_287' title='bbox 1130 4109 1197 4191; x_wconf 93' lang='lat' dir='ltr'>qui-</span> 
     </span>
     <span class='ocr_line' id='line_1_34' title="bbox 64 4209 1197 4302; baseline 0.01 -31"><span class='ocrx_word' id='word_1_288' title='bbox 64 4209 130 4276; x_wconf 87' lang='lat' dir='ltr'>dem</span> <span class='ocrx_word' id='word_1_289' title='bbox 152 4214 224 4298; x_wconf 90' lang='lat' dir='ltr'>hoc,</span> <span class='ocrx_word' id='word_1_290' title='bbox 246 4215 346 4300; x_wconf 92' lang='lat' dir='ltr'>quod,</span> <span class='ocrx_word' id='word_1_291' title='bbox 370 4239 448 4302; x_wconf 90' lang='lat' dir='ltr'>quos</span> <span class='ocrx_word' id='word_1_292' title='bbox 463 4218 690 4302; x_wconf 86' lang='lat' dir='ltr'>grammaticos</span> <span class='ocrx_word' id='word_1_293' title='bbox 713 4217 753 4280; x_wconf 86' lang='lat' dir='ltr'>ab</span> <span class='ocrx_word' id='word_1_294' title='bbox 770 4217 888 4281; x_wconf 89' lang='grc'><strong>011555</strong></span> <span class='ocrx_word' id='word_1_295' title='bbox 911 4219 1079 4299; x_wconf 89' lang='lat' dir='ltr'>usurpatos</span> <span class='ocrx_word' id='word_1_296' title='bbox 1102 4241 1197 4302; x_wconf 84' lang='lat' dir='ltr'>snpra</span> 
     </span>
     <span class='ocr_line' id='line_1_35' title="bbox 65 4323 1195 4414; baseline 0.006 -29"><span class='ocrx_word' id='word_1_297' title='bbox 65 4323 309 4410; x_wconf 85' lang='lat' dir='ltr'>nominavimus,</span> <span class='ocrx_word' id='word_1_298' title='bbox 339 4328 368 4390; x_wconf 87' lang='lat' dir='ltr'>ci</span> <span class='ocrx_word' id='word_1_299' title='bbox 394 4327 435 4392; x_wconf 89' lang='lat' dir='ltr'>ad</span> <span class='ocrx_word' id='word_1_300' title='bbox 458 4351 557 4392; x_wconf 90' lang='lat' dir='ltr'>unum</span> <span class='ocrx_word' id='word_1_301' title='bbox 579 4351 689 4394; x_wconf 89' lang='lat' dir='ltr'>omnes</span> <span class='ocrx_word' id='word_1_302' title='bbox 716 4329 852 4393; x_wconf 87' lang='lat' dir='ltr'>redeunt</span> <span class='ocrx_word' id='word_1_303' title='bbox 879 4327 913 4390; x_wconf 92' lang='lat' dir='ltr'>in</span> <span class='ocrx_word' id='word_1_304' title='bbox 936 4326 1041 4392; x_wconf 85' lang='lat' dir='ltr'>indice</span> <span class='ocrx_word' id='word_1_305' title='bbox 1064 4329 1195 4414; x_wconf 89' lang='lat' dir='ltr'>scripto-</span> 
     </span>
    </p>
   </div>
   <div class='ocr_carea' id='block_1_7' title="bbox 0 0 1492 5140">
    <p class='ocr_par' dir='ltr' id='par_1_7' title="bbox 0 0 1492 5140">
     <span class='ocr_line' id='line_1_36' title="bbox 0 0 1492 5140; baseline 0 6"><span class='ocrx_word' id='word_1_306' title='bbox 0 0 1492 5140; x_wconf 95' lang='lat' dir='ltr'> </span> 
     </span>
    </p>
   </div>
  </div>
 </body>
</html>
