2990 5140
486 382 604 441 nuova
627 383 844 430 usmououo.
1174 367 1232 430 177

84 535 166 598 τοὺ(
190 535 350 598 εωθένταε
372 537 439 598 τῶν
463 535 684 613 (υρακουείων
706 536 742 598 ἐν
764 541 802 618 τῇ
825 535 1007 618 πολιορκίᾳ,
1036 515 1166 613 γνωμαε
1195 536 1234 599 δι’

83 645 233 720 ἐλεγείας
255 643 300 708 εἰ(
321 645 381 723 έπη
402 641 476 730 1βωῖ
513 642 603 706 Haec
626 643 834 706 obtuleramus
857 643 940 707 Bibl.
965 645 1017 706 Al.
1035 667 1065 727 p.
1082 645 1133 708 92.
1172 643 1234 708 Sed

84 753 258 836 pertinent
286 753 348 816 huc
377 753 475 816 ctiam
502 775 583 836 quae
611 753 674 816 illis
704 757 890 816 nectuntur:
924 756 973 818 καί
1000 756 1081 834 πρὸ(
1111 757 1233 834 Κύρνον

82 865 147 928 τὸν
171 863 273 928 αὑτοῦ
296 863 461 942 ἐρώμενον
484 865 709 943 γνωμολογίαν
732 865 770 929 δι’
792 865 944 940 ἐλεγείων
960 866 1009 929 καὶ
1030 865 1140 944 ἑτέρα(
1155 865 1234 928 ὑπο-

83 975 189 1051 θήκα(
221 973 459 1053 παραινετικάε,
492 975 532 1038 τὰ
565 975 669 1038 πάντα
700 975 859 1038 ἐπικῶε;
894 973 1055 1036 verissime
1088 973 1173 1036 enim
1200 973 1233 1036 in

82 1087 235 1146 extrema
256 1105 333 1146 voce
356 1083 434 1148 ouo
457 1081 669 1146 Schneiderus
691 1083 725 1146 in
746 1082 995 1146 Zimmermanni
1010 1083 1099 1146 Diar.
1122 1081 1233 1166 philol.

82 1215 117 1255 a.
152 1193 235 1256 1838
264 1214 295 1274 p.
325 1192 385 1256 937
414 1191 494 1255 vidit
522 1193 622 1255 latere
651 1195 721 1271 ἔπη
751 1213 822 1256 cum
854 1192 978 1255 numeri
1011 1195 1088 1256 noia
1117 1192 1233 1276 aliqua.

83 1301 216 1366 Eadem
238 1301 398 1364 sententia
421 1301 553 1386 Bergkii
576 1303 596 1365 l.
622 1326 666 1366 o.:
694 1324 885 1386 quamquam
907 1302 933 1365 is
962 1301 1044 1386 quod
1071 1301 1236 1384 proposuit

82 1415 151 1491 ἔπη
176 1411 244 1490 κω,
271 1412 397 1494 placere
425 1433 501 1475 uon
529 1433 643 1476 unam
671 1412 711 1496 ob
736 1433 881 1476 caussam
902 1412 1022 1495 nequit.
1069 1410 1171 1498 [Dixit
1197 1411 1235 1474 de

83 1521 152 1584 hoc
169 1542 274 1603 nuper
288 1521 467 1586 accuratius
484 1521 518 1584 C.
536 1521 705 1604 Dilbbeyus
720 1521 822 1584 Musei
838 1521 942 1584 Rheu.
959 1525 983 1584 t.
1001 1519 1111 1584 XVHI
1127 1543 1158 1604 p.
1176 1521 1236 1584 150

83 1629 175 1718 sqq.]
192 1669 234 1680 -
250 1631 304 1714 91)
327 1630 448 1694 Eodem
464 1631 541 1694 viiio
562 1631 677 1694 affecta
693 1631 809 1696 Suidae
824 1632 921 1694 verba
943 1634 1019 1694 sunt
1034 1630 1068 1695 in
1082 1631 1235 1711 Ὀρφεύε·

84 1742 217 1820 ἔγραψε
242 1791 248 1804 .
265 1789 272 1804 .
290 1791 297 1805 .
312 1741 538 1820 Ὀνομαετικόν
554 1741 626 1820 ἔπη
649 1737 721 1832 με’,
736 1743 914 1817 Θεογονίαν
931 1742 1001 1820 ἔπη
1024 1735 1096 1826 με’,
1113 1743 1236 1820 Ἀετρο-

82 1853 219 1929 νομίαν,
243 1849 452 1929 Ἀμοκοπίαν,
476 1851 689 1931 θυηπολικόν,
714 1851 878 1915 Ὠοθυτικά
900 1853 919 1930 ἢ
942 1851 1130 1916 Ὠοτκοπικά
1152 1852 1235 1915 ἐπι-

83 1965 187 2036 xor,
211 1959 333 2042 dequo
356 1960 506 2023 adverbio
528 1959 704 2023 Lobeckius
727 1959 887 2043 Aglaoph.
912 1983 943 2042 p.
959 1959 1037 2024 355:
1060 1965 1151 2024 ‘latet
1170 1963 1235 2038 sor·

85 2083 174 2134 masc
196 2065 259 2150 έπη
282 2081 310 2132 ιν
332 2081 403 2133 ποια
418 2076 538 2134 numeri
558 2078 723 2135 versuum'.
756 2069 855 2133 Recte
870 2069 997 2154 quidem
1012 2069 1079 2133 ille:
1102 2069 1236 2132 multum

85 2179 183 2242 euim
197 2177 304 2241 differt
314 2201 380 2243 non
395 2179 617 2263 postpositum,
635 2179 689 2242 sed
704 2179 913 2261 praemissum
924 2180 1042 2244 ἐπικῶ(
1053 2176 1235 2242 adverbium

86 2289 138 2352 eis
152 2287 320 2371 exemplis,
337 2310 418 2373 quae
430 2287 595 2352 Bentleius
607 2289 723 2371 Opusc.
735 2311 765 2372 p.
777 2289 840 2352 364
853 2286 993 2374 [Phalar.
1007 2311 1038 2370 p.
1051 2287 1115 2352 394
1126 2285 1235 2374 Ribb.]

84 2398 231 2482 protulit
242 2421 260 2460 a
273 2397 431 2461 Lobcckio
444 2402 716 2462 commemoratus.
739 2397 787 2461 Da
798 2397 986 2482 Theogonia
993 2397 1134 2480 Orphica
1146 2397 1237 2459 testi-

84 2507 239 2571 mouium
273 2506 543 2572 stichomeuieum
575 2507 709 2571 accessit
737 2529 753 2571 c
782 2505 897 2572 Suidac
924 2506 1071 2570 Parisino
1100 2505 1251 2588 optimoz'

84 2620 331 2695 Ὀνομαετικῶν
346 2621 483 2680 autema
496 2617 655 2680 Lobeckio
667 2617 922 2681 commendatum
937 2616 1107 2680 abhorrere
1123 2617 1164 2679 ab
1179 2637 1236 2679 usu

86 2725 246 2812 loquendi
268 2727 394 2790 videtur
401 2777 409 2808 ,
440 2727 493 2810 qui
522 2731 626 2790 cerbus
654 2731 703 2791 cst
731 2726 765 2790 in
788 2725 847 2790 hoc
870 2748 997 2810 genere.
1021 2725 1237 2808 -92)1)i0-

86 2859 197 2922 genes
218 2835 324 2899 Luert.
348 2835 381 2918 1,
404 2837 446 2900 68
474 2837 513 2899 de
536 2835 719 2902 Chilone:
749 2835 845 2901 οὗτοι
866 2837 1014 2916 ἐποίηεεν
1043 2837 1166 2912 ἐλεγεῖα
1194 2835 1239 2900 εἰ(

87 2949 168 3026 ἔπη
198 2947 384 3010 διακόεια
407 2983 449 2993 -
471 2946 526 3030 93)
548 2945 637 3009 Idem
665 2945 696 3028 1,
727 2945 769 3010 95
796 2945 835 3008 de
863 2931 1177 3023 Βίοπδοεέποίηεε
1203 2947 1239 3009 δὲ

87 3057 168 3136 περὶ
199 3055 332 3132 Ἰωνίαε,
363 3056 435 3120 τίνα
462 3057 593 3135 μάλιττα
625 3057 665 3121 ἂν
691 3056 815 3134 τρόπον
845 3055 1061 3134 εὐδαιμονοίη,
1096 3053 1139 3119 εἰ(
1166 3055 1238 3133 ἔπη

87 3165 282 3246 διεχίλια
302 3202 345 3213 -
367 3163 422 3248 94)
444 3164 532 3228 Idem
548 3165 578 3246 1,
603 3165 642 3229 97
666 3165 705 3227 de
732 3163 967 3228 Periandro:
990 3163 1117 3243 ἐποίηεε
1139 3165 1240 3228 δὲκαὶ

88 3276 259 3352 ὑποθήκοε
282 3275 327 3339 εἰ(
348 3275 419 3354 ἔπη
442 3276 619 3353 διεχίλια.
662 3275 744 3339 Ibem
768 3273 881 3338 Suidas
903 3295 932 3336 v.
956 3273 1171 3354 Περίανδροε·
1186 3325 1193 3338 .
1209 3323 1238 3337 ..

88 3388 242 3465 ἔγραψεν
271 3384 432 3462 ὑποθήκαε
459 3384 502 3448 εἰ(
529 3386 587 3449 τὸν
616 3385 819 3464 ἀνθρώπειον
853 3385 924 3464 βίον
952 3383 1023 3462 ἔπη
1054 3383 1236 3461 διτχίλιαι

87 3495 150 3558 ubi
175 3495 220 3558 εἰ(
242 3493 301 3572 ἔπη
323 3491 493 3576 Menagius
516 3497 643 3576 praeter
665 3493 889 3556 necessibobem
911 3492 1091 3574 expetebat.

184 3604 213 3666 2.
239 3601 265 3665 Ε
289 3623 401 3685 prosae
423 3603 577 3666 orationis
600 3603 806 3686 scriptoribus
828 3602 907 3665 baec
929 3601 1097 3683 habemus,
1127 3600 1240 3685 quibus

89 3715 176 3779 olim
210 3712 336 3796 prolata
366 3713 578 3793 ετιχομετρίαε
612 3713 757 3795 exempla
791 3733 974 3796 augeamus.
1024 3712 1079 3795 95)
1108 3709 1241 3774 Photius

91 3820 320 3887 Bibliothecae
344 3821 412 3884 cod.
433 3805 498 3886 Ῡ176
520 3844 551 3904 ρ.
578 3823 686 3904 12οδ,
714 3822 756 3886 30
778 3821 879 3884 Bekk.
908 3821 947 3884 da
974 3819 1240 3904 Theopompo:

89 3931 290 4010 ευνακμὰεαι
305 3933 340 3996 δέ
362 3931 446 4007 λέγει
462 3931 559 3997 αὐτὸ(
582 3931 698 3996 ἑαυτὸν
714 3933 877 4011 Ἰεοκράτει
898 3951 932 3996 τε
952 3938 997 4016 τῷ
1020 3929 1176 4012 Ἀθηναίῳ
1191 3930 1241 3992 καὶ

90 4043 262 4124 Θεοδέκτῃ
284 4046 330 4124 τῷ
353 4042 510 4124 Φαεηλίτῃ
534 4043 583 4106 καλ
607 4041 780 4120 Ναυκράτει
804 4047 850 4126 τῷ
874 4041 1061 4124 Ἐρυθραίιμ,
1089 4041 1139 4102 καὶ
1166 4039 1240 4102 τού-

90 4172 177 4219 του(
205 4149 270 4228 ἅμα
296 4151 383 4234 αὐτῷ
411 4153 451 4215 τὰ
478 4154 620 4231 πρωτεῖα
646 4155 701 4228 τῆε
730 4151 766 4215 ἐν
793 4150 902 4226 λόγοιε
930 4149 1072 4214 παιδεία(
1098 4147 1182 4226 ἔχειν
1205 4149 1240 4212 ἐν

90 4267 168 4328 τοῖς
190 4261 352 4340 Ἕλληειν,
378 4265 411 4323 et
432 4260 540 4344 paullo
561 4263 648 4344 post:
677 4261 726 4325 καὶ
748 4261 793 4324 ὼε
816 4261 874 4324 οὐκ
896 4260 936 4323 ἂν
959 4257 1006 4337 εἴη
1029 4259 1117 4342 αὐτῷ
1140 4260 1241 4340 παρά-

94 4375 203 4445 λογον
234 4369 487 4454 ἀντιποιουμένῳ
520 4377 587 4435 τῶν
616 4371 795 4450 πρωτείων,
823 4371 882 4434 οὐκ
915 4369 1097 4433 ἐλαττόνων
1132 4371 1188 4448 μὲν
1222 4371 1240 4448 ἢ

152 4489 199 4524 rr.
221 4487 383 4522 ιιιτιιυπειιι
403 4487 547 4522 υνυκουαιι
561 4491 582 4528 1.
1001 4471 1038 4534 12
