3052 5136
358 439 370 460 .
493 411 654 460 sosanna
677 409 850 458 carmena.
1175 393 1235 457 707

98 565 231 628 moriam
259 565 458 628 conectendi.
508 562 582 627 Vno
620 564 717 627 verbo
743 585 857 628 moneo
884 561 923 626 de
951 565 1103 625 accentus
1132 561 1237 644 pravi·

98 679 165 738 tate
187 675 283 752 Αἴγυς
305 675 443 757 formae,
468 697 487 738 a
510 674 602 738 nobis
624 674 739 758 ubique
763 677 937 737 correctae:
977 671 1074 759 [nnnc
1096 672 1193 734 etiam
1217 693 1236 734 a

98 785 260 849 bleinekio
289 784 446 870 Stephani
474 785 523 848 sui
551 807 582 869 p.
606 785 664 866 45,
699 787 732 866 1,
761 785 838 847 item
866 805 898 866 p.
921 783 1001 866 400,
1032 785 1068 845 ll
1098 783 1133 845 in
1160 803 1237 845 voce

99 894 252 983 Κῶβρυα]

569 1067 769 1077 ..----ι

181 1223 340 1299 Quoniam
362 1247 527 1290 versamur
549 1225 583 1288 in
607 1223 829 1288 Pausaniae
856 1223 1027 1287 historia
1050 1223 1237 1287 Lacedae-

98 1335 331 1418 moniorum,
355 1335 497 1398 eiusdem
518 1334 607 1398 lubet
629 1335 726 1398 verba
749 1335 821 1398 libri
836 1333 884 1398 Ill
908 1355 977 1418 cap.
995 1335 1015 1398 2
1030 1336 1111 1397 extr.
1134 1334 1239 1418 posita

100 1447 301 1527 pertractare
329 1445 530 1529 diligentius:
569 1445 742 1523 ἀνέετηεαν
770 1447 805 1508 δὲ
832 1446 882 1510 καὶ
904 1445 997 1508 “eloe
1025 1445 1077 1509 ἐπὶ
1103 1445 1240 1528 θαλάαῃ

98 1555 235 1633 πόλιεμα
258 1556 393 1634 Ἀχαιῶν
417 1554 577 1636 ἐχόντων,
601 1556 651 1620 καὶ
674 1554 833 1633 Ἀργείου(
854 1557 922 1620 rol(
945 1553 1076 1618 Εἵλωειν
1100 1555 1238 1633 ἀρύναν·

101 1684 158 1728 τα(
180 1665 265 1748 μάχῃ
287 1669 422 1730 νικῶειν.
458 1662 545 1739 Quae
568 1663 727 1747 expeditio
742 1685 803 1746 quo
824 1663 912 1728 iacta
935 1663 977 1727 eit
998 1666 1151 1746 tempore,
1175 1685 1240 1728 non

99 1773 164 1836 vidi
200 1795 398 1858 aquoquam
427 1774 615 1857 quaesitum.
666 1773 772 1856 Atque
798 1773 990 1836 'Alcamenis
1017 1773 1161 1856 quidem,
1191 1773 1239 1836 cui

101 1883 249 1948 facinora
276 1884 333 1946 illa
355 1883 469 1948 tribuit
494 1883 688 1966 Pausaniae,
718 1883 955 1946 accuratissime
978 1883 1114 1947 describi
1136 1885 1242 1968 potest

100 1997 204 2056 actae.
255 1993 386 2058 Etenim
419 1994 538 2058 bellum
565 1993 798 2058 Messeniacorn
830 1993 967 2078 primurn
998 1997 1142 2056 exortum
1174 2013 1242 2056 csse

98 2101 242 2186 prodidit
269 2101 447 2166 Pausanias
477 2101 540 2187 IV,
569 2105 590 2168 4
621 2105 684 2186 §3
714 2102 756 2192 [4]
787 2125 851 2166 una
880 2106 985 2166 aetate
1013 2107 1086 2185 post
1113 2103 1241 2168 caedem

97 2212 235 2296 Telecli,
271 2212 310 2275 de
346 2235 408 2296 qua
442 2213 620 2297 expositum
650 2217 698 2277 est
732 2213 796 2296 111,
825 2215 861 2296 2,
890 2213 925 2294 63
959 2211 1021 2294 IV,
1051 2213 1089 2296 4,
1119 2213 1155 2296 23
1182 2212 1240 2296 IV,

99 2323 153 2405 31,
177 2323 216 2405 3,
241 2321 301 2386 hoc
324 2327 373 2386 est
394 2323 584 2408 olympiadis
611 2323 658 2387 lX
681 2345 767 2387 anno
789 2322 908 2405 altero,
938 2323 985 2386 uti
1008 2321 1091 2386 idem
1114 2343 1241 2386 accura-

98 2433 162 2494 tius
186 2430 332 2494 definivit
353 2431 415 2514 IV,
439 2433 475 2515 5,
499 2435 520 2496 4
543 2431 626 2522 [10];
656 2433 696 2498 cf.
721 2433 845 2498 Corsini
875 2431 1042 2496 Fastorum
1065 2432 1154 2496 attic.
1179 2432 1239 2496 rol.

100 2539 150 2604 III
177 2562 210 2625 p.
237 2542 285 2604 17.
326 2539 377 2606 Ex
399 2563 460 2626 quo
483 2544 685 2626 consequitur
707 2542 887 2626 olympiade
908 2543 1011 2626 prima
1035 2546 1066 2606 et
1081 2541 1242 2606 Teleclum

102 2672 173 2714 esse
196 2649 403 2716 interfectum
426 2656 458 2716 et
474 2652 514 2717 ad
536 2653 704 2736 imperium
719 2652 890 2716 accessisse
906 2653 1124 2716 Alcamenem.
1156 2651 1242 2715 Eun·
1292 2689 1295 2695 ·

99 2759 172 2824 dem
201 2765 308 2824 autem
336 2761 562 2826 demonstrabo
585 2765 719 2826 mortem
742 2763 858 2826 obiisse
880 2763 997 2846 olymp.
1022 2761 1052 2826 X
1075 2783 1160 2825 anno
1183 2763 1241 2826 cir-

101 2871 181 2934 citer
210 2871 315 2934 tertio.
360 2871 445 2934 Nam
474 2872 550 2936 belli
579 2871 768 2936 Messeniaci
796 2873 891 2956 primi
914 2894 1000 2935 anno
1022 2871 1126 2956 primo
1148 2871 1276 2936 Alea-a

101 2999 211 3044 menes
234 2981 402 3064 occupavit
428 2981 623 3064 Ampheam,
652 2981 753 3066 quode
781 2981 853 3046 vide
874 2981 968 3046 Paus.
993 2981 1055 3064 IV,
1079 2983 1116 3065 5,
1137 2983 1157 3047 3
1181 2980 1241 3068 [913

101 3093 217 3172 quarto
240 3093 346 3153 autem
368 3090 443 3154 belli
466 3113 562 3174 anno,
587 3092 646 3156 hoc
669 3096 717 3155 est
739 3091 779 3154 ol.
804 3091 851 3176 X,
875 3093 911 3175 2,
941 3113 1050 3176 pugna
1074 3093 1242 3156 commissa

102 3204 150 3262 est
175 3198 215 3261 ad
245 3201 426 3282 χαράδραν,
460 3203 496 3264 ut
524 3200 607 3264 idem
637 3201 770 3264 tradidit
792 3201 857 3285 IV,
882 3201 960 3284 7,2
991 3200 1022 3288 [3
1044 3201 1143 3290 sqq.],
1178 3225 1242 3266 non

102 3309 280 3372 nominatis
317 3309 636 3374 Lacedaemoniorum
676 3311 815 3395 regibus.
880 3311 977 3374 Anno
1016 3315 1124 3376 autem
1161 3313 1243 3374 inse·

102 3418 230 3502 quenti,
261 3418 302 3481 ol.
332 3417 377 3502 X,
405 3419 441 3501 3,
478 3441 549 3482 cunr
578 3419 745 3483 lllesseniis
773 3441 885 3484 manus
914 3419 1017 3483 denuo
1047 3421 1242 3485 conseruisse

101 3527 372 3593 Lacedaemonios
401 3528 479 3592 duce
507 3527 666 3612 Polydoro
695 3533 822 3614 narrat,
856 3553 918 3614 qno
947 3530 1073 3613 quidem
1099 3535 1242 3616 tempore

102 3637 169 3700 vita
197 3638 260 3700 iam
295 3637 463 3701 defunctus
491 3637 589 3702 luerit
617 3640 823 3704 Alcamenes:
866 3638 929 3722 IV,
959 3640 993 3723 l,
1023 3641 1043 3704 3
1073 3639 1128 3728 [7].
1180 3641 1243 3704 lta-

101 3768 162 3830 que
192 3747 335 3830 proxime
363 3747 488 3811 ridetur
515 3749 665 3812 accedere
695 3749 735 3814 ad
763 3751 932 3813 verItatem
959 3749 1053 3833 illud,
1082 3752 1117 3812 ut
1148 3751 1242 3814 Alea·

101 3877 229 3920 menem
258 3856 473 3921 existimemus
502 3861 574 3942 post
601 3860 756 3944 proelium
780 3859 820 3922 ad
848 3861 1012 3940 χαράδραν
1042 3859 1244 3923 commissum

101 3965 231 4029 demum
245 3965 376 4051 obiisse,
399 3967 540 4051 alioquin
555 3969 640 4032 enim
655 3971 722 4034 eius
741 3991 826 4032 mors
848 3969 913 4033 iam
936 3973 1033 4033 antea
1057 3989 1244 4034 commemo-

101 4075 204 4139 randa
228 4074 406 4140 Parmaniae
435 4081 513 4140 erat.
559 4077 693 4143 Mirifice
721 4085 828 4144 autem
856 4079 930 4144 huic
952 4079 1071 4142 rationi
1095 4080 1244 4164 congruit

102 4185 237 4250 Diodori
259 4185 357 4250 Siculi
379 4187 540 4270 memoria,
565 4189 619 4273 qui
635 4189 684 4252 vel
707 4189 881 4254 XXXVIII
896 4189 946 4252 vel
962 4187 1119 4252 XXXVII
1142 4211 1245 4254 annos

102 4295 314 4360 Alcamenem
336 4317 487 4383 regnasse
516 4299 644 4382 scripsit
670 4301 855 4384 fragmento
877 4299 1014 4384 quodam
1042 4299 1083 4362 ab
1105 4299 1244 4364 Eusebio

104 4407 232 4469 servato
263 4408 324 4470 vol.
352 4407 368 4470 I
395 4429 427 4490 p.
451 4407 514 4472 319
545 4431 590 4492 sq.
627 4410 762 4492 exempli
797 4411 943 4475 Armenii
976 4409 1123 4474 Venetiia
1155 4409 1243 4488 editi,

973 4513 1040 4574 45*
