3068 5194
518 348 787 398 υἰνυιιοιιυτιιιυ.
1181 329 1222 392 75

91 505 191 585 ἄφιξιν
212 505 261 568 καί
282 506 339 582 τὴν
361 507 428 568 τῶν
451 505 628 584 μυςτηρίιυν
655 503 830 582 παράδοςιν
857 503 915 578 τὴν
942 505 1009 566 ταῑς
1032 500 1221 579 θυγατράςιν

91 615 184 678 αὐτοῦ
210 615 388 692 γενομέμην
418 613 488 691 ἔπη
516 614 560 678 τά
588 613 695 677 πάντα
722 611 924 692 τριςχίλια.
946 611 1044 691 --1)
1074 608 1160 672 Suid.
1191 631 1219 672 v.

90 726 231 804 ”prva:
253 723 429 802 ἠλακάτην,
445 723 563 801 ποίημα
578 723 614 786 δέ
630 721 711 786 ἐςτιν
727 771 733 784 .
751 772 757 786 .
776 772 782 785 .
798 723 906 788 ἐπῶν
922 721 956 787 τ’.
971 757 1014 768 -
1028 723 1062 804 ό)
1079 719 1166 784 Suid.
1189 741 1219 781 v.

91 836 233 910 θέογνιςε
254 834 383 912 γνώμας
398 835 437 897 δι’
452 833 593 907 ἐλεγείας
608 833 651 896 εἰς
667 813 738 910 ἔπη
763 837 825 911 ,βω
835 837 851 895 ¹.
867 867 909 878 -
923 831 957 914 6)
974 829 1061 894 Suid.
1079 852 1107 893 v.
1127 830 1221 896 Κλεό-

91 947 200 1026 βουλος
223 943 287 1007 und
309 942 405 1027 Πίος.
429 943 535 1006 Laeti.
560 942 591 1022 Ι,
616 943 672 1005 89:
701 941 848 1021 ἐποίηςεν
872 943 993 1024 ᾄςματα
1015 941 1064 1004 καί
1085 940 1222 1020 γρίφους

91 1055 130 1119 είς
161 1055 231 1132 ἔπη
265 1054 466 1133 τριςχίλια.
498 1089 531 1098 -
563 1053 596 1138 7)
625 1052 712 1116 Suid.
747 1073 776 1114 v.
812 1053 991 1130 Μαριανόςι
1026 1051 1222 1130 μετάφραςιν

90 1165 259 1244 θεοκρίτου
291 1164 327 1227 ἐν
362 1163 482 1244 ἰάμβοις
517 1165 632 1242 ,γρν’,
669 1163 864 1242 μετάφραςιν
894 1159 1122 1226 Ἀπολλωνίου
1156 1163 1221 1224 τῶν

90 1276 336 1354 Ἀργοναυτικῶν
359 1273 395 1338 ἐν
419 1273 540 1352 ἰάμβοις
564 1275 673 1354 ,εχη’,
696 1271 891 1351 μετάφραςιν
916 1271 1115 1350 Καλλιμάχου
1137 1269 1223 1333 Ἑκά-

89 1387 155 1464 λης,
178 1385 289 1462 ίιμνων
304 1385 355 1447 καὶ
368 1386 434 1448 τῶν
449 1383 694 1462 ἐπιγραμμάτων
711 1383 746 1446 ἐν
762 1382 882 1460 ἰάμβοις
898 1385 1005 1460 ,ςυιι’,
1028 1363 1223 1459 μετάφραςιν

89 1495 216 1573 Ἀράτου
231 1495 268 1559 ἐν
286 1493 407 1574 ἰάμβοις
423 1513 486 1574 ,αρ
492 1497 539 1571 μ’,
562 1493 757 1572 μετάφραςιν
776 1492 955 1570 Νικάνδρου
970 1493 1036 1555 τῶν
1053 1490 1222 1567 θηριακῶν

89 1605 121 1668 ἐν
142 1605 261 1685 ἰάμβοις
285 1605 397 1682 ,ατο’.
413 1639 456 1650 ·-
477 1603 511 1688 8)
535 1599 622 1666 Suid.
646 1623 675 1664 v.
700 1601 924 1682 Παλαίφατος;
948 1599 1157 1678 κοςμοποιίαν
1180 1599 1223 1662 εἰς

89 1715 154 1792 ἔπη
176 1735 220 1795 ,ε,
245 1713 450 1778 ’Λπόλλωνος
473 1714 524 1776 καί
545 1713 727 1790 Ἀρτέμιδος
748 1713 849 1786 γονὰς
872 1711 943 1790 ἔπη
966 1731 1010 1790 ,γ,
1035 1709 1224 1789 Ἀφροδίτης

90 1825 135 1887 καί
155 1824 296 1902 Ἔρατος
318 1823 433 1904 φωνάς
461 1823 511 1886 καί
533 1822 651 1896 λόγους
675 1821 745 1899 ἔπη
770 1841 811 1902 ,ε,
840 1821 972 1899 Ἀθηνᾶς
996 1820 1063 1900 ἔριν
1086 1819 1135 1883 καί
1156 1818 1224 1882 Πο-

89 1937 234 1998 ςειδῶνος
264 1934 334 2012 ἐπη
364 1952 409 2012 ,α.
431 1969 473 1979 -
502 1931 536 2014 9)
560 1929 646 1994 Suid.
678 1953 708 1994 v.
737 1931 911 1996 Πανύαςις;
952 1929 1160 2009 Ἡρακλειάδα
1188 1929 1224 1992 ἐν

89 2043 211 2122 βιβλίοις
233 2045 275 2108 ιδ’
292 2041 336 2107 εἰς
359 2043 430 2121 ἐπη
453 2047 493 2123 ,6,
510 2042 653 2106 Ἰωνικά.
673 2089 678 2102 .
697 2041 787 2106 ..εἰς
811 2041 882 2119 ἔπη
905 2047 942 2120 ,L
959 2077 1001 2088 -
1019 2039 1071 2122 10)
1089 2036 1175 2104 Suid.
1192 2059 1222 2100 v.

89 2154 238 2218 Πιττακός
268 2151 333 2216 und
360 2150 456 2236 Diog.
487 2149 592 2214 Laeri.
622 2149 652 2230 1,
683 2149 738 2212 79:
767 2151 895 2229 ἐποίηςε
922 2151 972 2214 καί
1000 2150 1123 2224 ἐλεγεῖα
1152 2148 1168 2212 ἐ
1175 2169 1223 2226 πη

90 2263 279 2338 ἑξακόςια,
313 2263 363 2326 καί
392 2261 473 2340 ὑπὲρ
505 2259 616 2339 νόμων
649 2262 869 2338 καταλογάδην
899 2263 966 2324 τοῖς
999 2261 1153 2323 πολίταις.
1183 2293 1225 2304 -—

92 2372 140 2454 11)
161 2371 363 2456 Diogenes
385 2370 491 2434 Laert.
516 2369 541 2451 I,
565 2369 621 2432 61:
654 2372 798 2452 γέγραφε
821 2371 857 2434 δὲ
879 2369 1018 2450 ((όλυιν)
1041 2369 1141 2446 δῆλον
1168 2369 1224 2444 μὲν

90 2481 136 2546 ὅτι
155 2484 228 2548 τοὺς
252 2482 388 2560 νόμους,
411 2481 461 2544 καί
483 2481 675 2562 δημηγορίας
698 2481 747 2551 δέ,
775 2481 824 2542 καὶ
847 2479 889 2543 εἰς
913 2477 1029 2544 ἑαυτὸν
1052 2477 1224 2558 ὑποθήκας,

90 2591 222 2670 ἐλεγεῖα,
252 2592 303 2655 καὶ
331 2592 370 2656 τά
398 2592 470 2669 περὶ
493 2590 668 2669 (αλαμῑνος
695 2591 821 2667 καὶτῆς
850 2587 1025 2667 Ἀθηναίων
1054 2585 1224 2662 πολιτείας,
1242 2607 1275 2654 ου

91 2701 156 2779 ἔπη
178 2701 493 2779 πεντακιςχίλια,
516 2701 566 2765 καί
588 2699 719 2781 ἰάμβους
741 2701 790 2764 καί
813 2699 972 2782 ἐπῳδούς.
988 2733 1030 2744 -
1053 2695 1105 2780 12)
1127 2695 1222 2779 Diog.

91 2809 147 2892 IX,
163 2811 218 2874 2οε
242 2810 371 2889 ἐποίηςε
394 2813 429 2874 δὲ
444 2809 662 2893 (Ξενοφάνης)
683 2812 733 2874 καί
756 2811 956 2889 Κολοφῶνος
978 2808 1074 2872 κτίςιν
1096 2807 1146 2871 καὶ
1167 2807 1225 2871 τόν

93 2921 131 2984 εἰς
145 2921 252 2986 Ἐλέαν
276 2925 331 2999 τῆς
355 2920 483 2994 Ἰταλίας
499 2919 701 2998 άποικιςμόν,
724 2921 795 2998 ἔπη
817 2919 994 2998 διςχίλια.
1011 2953 1053 2964 -
1071 2915 1123 2993 13)
1140 2913 1224 2978 Sie-

94 3028 239 3110 phanus
270 3028 346 3112 Byz.
377 3051 406 3092 v.
438 3029 592 3108 Μίλητος;
627 3028 780 3108 Τιμόθεος
809 3027 1003 3112 κιθαρῳδός,
1032 3027 1070 3091 ὃς
1097 3024 1225 3102 ἐποίηςε

93 3139 194 3216 νόμων
209 3143 429 3223 κιθαρῳδικῶν
446 3139 574 3219 βίβλους
590 3129 804 3204 ὀκτωκαίδεκα
819 3139 862 3204 εἰς
877 3139 984 3203 ἐπῶν
1007 3132 1224 3214 ὀκτάκιςχι-

93 3249 181 3314 λίων
202 3251 262 3315 τὸν
284 3249 434 3328 ἀριθμὸν,
462 3249 511 3312 καί
539 3250 699 3328 προνόμια
720 3249 830 3313 αὐλῶν
857 3248 969 3328 χίλια.
995 3283 1029 3292 -
1058 3245 1110 3330 14)
1134 3245 1224 3309 Cer-

93 3360 174 3421 ἰααι.
189 3357 349 3422 Hesiod.
367 3363 406 3422 et
420 3356 525 3420 Hom.
543 3381 573 3440 p.
590 3357 650 3422 251
671 3355 756 3444 [323]
774 3357 910 3420 (λοπάδι
934 3358 952 3420 ὸ
969 3358 1005 3421 δέ
1019 3357 1200 3434 Ὄμηρος..
1217 3401 1224 3416 .

94 3466 175 3544 ἔλεγε
196 3471 236 3534 τά
260 3469 433 3546 ποιήματα,
457 3472 588 3548 πρῶτον
610 3470 667 3546 μὲν
687 3470 744 3544 τὴν
761 3467 918 3546 Θηβαίδα,
942 3466 958 3530 ἐ
965 3488 1011 3544 πη
1035 3471 1086 3545 ,1.
1105 3513 1112 3528 .
1132 3513 1140 3528 .
1157 3463 1226 3528 εἶτα

94 3577 289 3654 Ἐπιγόνους,
306 3577 375 3657 ἔπη
392 3583 428 3656 ,L
444 3615 487 3625 —
504 3577 556 3658 15)
573 3575 697 3640 Εδοιιιί.
716 3599 746 3660 p.
764 3577 826 3640 252
852 3572 954 3661 [3211)
977 3576 1054 3654 μετὰ
1076 3577 1111 3644 δὲ
1126 3577 1226 3638 ταῦτα

95 3691 173 3750 ποιεῖ
198 3689 258 3768 τὴν
281 3675 478 3762 ’οδύςςειώ,
507 3687 578 3765 ἔπη
604 3667 706 3769 μ,βφ’,
734 3687 918 3764 πεποιηκὼς
945 3686 1005 3764 ἤδη
1032 3687 1091 3763 τὴν
1114 3683 1227 3748 Ἰλιάδα

95 3793 177 3861 ἐπῶν
199 3795 262 3885 με’.
291 3833 324 3842 -
353 3797 405 3875 16)
428 3795 650 3861 Παλεςεοίιτίίἰ
671 3796 758 3859 eines
782 3794 1018 3860 Salmasisehen
1035 3793 1141 3858 Codex
1163 3814 1225 3856 von

96 3900 234 3968 Paulus
262 3905 540 3970 silentiarius:
583 3907 751 3988 Ἔκφραςις
773 3927 800 3969 τ.
832 3925 898 3984 μεγ.
923 3905 963 3969 ἐ.;
992 3905 1116 3983 ςτίχοι
1144 3903 1226 3980 δμοῡ

96 4012 219 4090 ἡριυικοί
249 4022 318 4094 ,ας’,
347 4015 479 4096 ἰαμβικοί
511 4019 570 4094 ρν’.
600 4051 642 4062 -
672 4015 723 4096 11)
753 4013 812 4077 Die
842 4012 1045 4098 Borgia'sche
1073 4011 1226 4074 Marmor-

97 4122 170 4185 iafel
190 4125 241 4187 bei
257 4123 384 4188 Heeren
407 4123 441 4187 in
458 4123 540 4187 Bibl.
563 4123 592 4187 d.
616 4124 672 4188 alt.
690 4123 765 4187 Litt.
788 4147 818 4188 u.
835 4123 941 4188 Kunst
957 4123 1003 4186 St.
1020 4119 1067 4184 IV
1082 4142 1114 4203 p.
1129 4119 1172 4182 43
1193 4120 1224 4180 ff.

98 4227 176 4296 Zeile
201 4235 236 4296 8:
350 4235 498 4308 ἔπεςιν,
528 4237 577 4298 καί
606 4236 772 4300 Δαναίδας
795 4227 859 4299 ἘΦ
886 4235 991 4302 ἐπῶν;
1019 4227 1053 4292 Z.
1087 4231 1140 4293 10:

98 4359 144 4403 τες
170 4343 273 4408 ἐπῶν
301 4343 399 4410 οὖςαν
419 4335 479 4408 ἘΧ
507 4345 708 4424 ὑποθήςομεν
733 4341 882 4422 Θηβαίδα
906 4391 912 4406 .
933 4392 937 4402 .
957 4367 979 4412 .;
1008 4339 1041 4402 Z.
1069 4340 1123 4404 ll:
1149 4361 1226 4404 ..ν
