2976 5140
289 337 353 400 024
672 355 717 400 nn
742 354 812 401 ouo
835 356 879 402 nr
903 355 1045 402 oureus.

288 507 432 588 ruptelae
455 469 629 588 generibus
644 507 678 568 i11
700 507 814 590 vulgus
832 509 969 570 constat.
1001 507 1215 589 Omninoque,
1237 505 1390 569 utbreviter

289 614 404 696 dicam,
427 637 494 678 non
516 618 622 698 potest
644 617 685 679 ab
707 617 821 679 harum
836 638 941 680 rerum
963 615 1066 698 perito
1088 616 1139 679 vel
1155 598 1308 679 tantillum
1326 615 1390 676 dubi-

288 726 367 807 tari,
398 725 475 808 quin
505 726 710 789 celeberrima
738 723 916 789 Herodiani
943 727 1091 806 Ὁμηρικὴ
1126 728 1300 812 προςῳδία,
1328 726 1391 788 euius

288 857 362 918 pars
385 834 447 898 fuit
470 837 596 914 Ἰλιακή,
623 836 657 898 in
680 836 912 920 Etymologicis
941 836 1142 920 significetur
1164 841 1198 899 et
1219 838 1253 905 in
1272 839 1392 915 Ἡρωδια-

288 945 345 1010 νός
374 967 525 1008 converso
553 947 651 1025 Ὧρος
684 946 813 1008 nomine
841 946 896 1008 illa
930 945 1200 1030 redintegrentur.
1251 946 1296 1010 Cf.
1322 945 1391 1025 514.

288 1055 377 1130 Quod
401 1055 528 1138 quidem
553 1056 763 1118 certissimum
792 1058 890 1138 esset,
926 1057 1023 1118 etiam
1045 1057 1071 1119 si
1094 1057 1271 1120 evidentius
1295 1056 1393 1118 demon-

288 1165 382 1228 strari
409 1189 475 1229 non
510 1169 618 1249 posset
652 1187 668 1228 e
697 1164 830 1228 Venetis
858 1166 892 1228 in
920 1165 1031 1229 Iliadis
1061 1168 1068 1230 l
1099 1166 1161 1230 206
1194 1165 1328 1246 scholiis,
1355 1164 1392 1226 ubi

287 1281 504 1359 posteaquam,
530 1298 585 1338 cur
607 1278 700 1353 διπλῆ
725 1275 870 1357 apposita
895 1278 988 1358 esset,
1014 1275 1207 1358 explicatum
1228 1276 1394 1340 fuitAuste
1467 1287 1468 1346 ζ

287 1386 352 1449 uici
380 1387 501 1468 verbis,
531 1385 706 1448 Herodiani
730 1408 798 1448 esse
831 1407 911 1469 quae.
940 1386 1154 1449 adnectuntur
1182 1390 1288 1465 κρεῖον
1312 1388 1341 1450 δὲ
1363 1384 1394 1447 ὼς
1467 1381 1468 1456 J

286 1500 374 1561 θεῖον
397 1520 422 1560 κΙ
445 1519 470 1560 τ.
494 1498 520 1560 λ.
545 1496 613 1579 ipsa
636 1497 671 1560 δέ
698 1496 856 1578 particula
879 1495 1024 1579 arguitur
1046 1496 1250 1560 manifesto.'

373 1606 474 1669 Multo
508 1607 605 1668 etiam
636 1607 791 1669 minorem
825 1607 889 1669 vim
921 1607 1034 1688 habet,
1067 1606 1150 1690 quod
1185 1607 1220 1669 in
1248 1605 1353 1669 eisdem
1369 1605 1395 1665 in
1467 1609 1468 1646 l

286 1716 395 1778 Iliadis
418 1717 442 1780 Α
469 1717 531 1780 508
557 1716 685 1779 scholiis
715 1717 855 1779 citantur
877 1717 975 1795 Ὧρος
1002 1717 1052 1781 καὶ
1075 1718 1291 1783 Ἀπολλώνιος
1312 1717 1394 1796 ἐντῷ

287 1827 373 1906 περὶ
397 1827 662 1905 παρωνύμων;
701 1849 781 1910 [prae
809 1830 928 1910 puncto
956 1831 1028 1910 post
1050 1827 1149 1907 Ὦρος
1176 1827 1280 1911 posito
1305 1825 1396 1887 diseer-

286 1936 392 2000 nenda
426 1958 493 1999 esse
521 1936 669 1999 Lelrrsius
703 1936 783 1999 vidit
815 1958 846 2019 p.
871 1937 922 2000 36.
960 1976 1003 1986 —-
1039 1937 1155 2000 Errore
1189 1937 1268 1999 item
1297 1935 1395 2008 nititur,

286 2046 429 2129 quamvis
453 2047 590 2109 securius
607 2070 633 2139 ¹a
655 2045 799 2109 Fabricio
823 2049 1004 2130 susceptum
1026 2047 1060 2112 in
1076 2046 1161 2109 Bibl.
1185 2068 1235 2130 gr.
1252 2046 1298 2110 lll
1312 2069 1338 2128 p.
1352 2041 1396 2106 u?

286 2156 389 2238 Harl,
420 2157 477 2221 Ori
503 2157 710 2235 ὑπόμνημα
738 2157 1013 2239 Λυκόφρονος,
1046 2157 1182 2240 petitum
1209 2155 1348 2220 videlicet
1370 2173 1396 2214 er

286 2265 392 2349 Etyru.
410 2266 454 2329 M.
471 2290 502 2349 p.
520 2267 593 2347 298,
610 2267 652 2329 30
667 2267 771 2330 verbis
788 2267 909 2332 Εἰλενία
931 2268 1000 2331 voci
1022 2268 1057 2330 in
1079 2267 1143 2331 fine
1164 2267 1353 2350 subscriptis:
1371 2264 1396 2325 ἐν

286 2378 484 2458 ὑπομνήματι
506 2377 727 2458 Λυκόφρονος.
750 2378 856 2456 Ὧρος.
891 2377 1047 2440 Fraudcm
1070 2378 1196 2460 aperuit
1218 2372 1397 2441 Valckenari-

284 2511 321 2550 us
343 2488 504 2551 Diatribes
525 2487 559 2550 in
581 2488 692 2571 Eurip.
716 2511 747 2571 p.
764 2489 836 2570 291,
861 2510 1052 2572 quamquam
1075 2510 1116 2551 ne
1137 2487 1205 2570 ipse
1229 2487 1353 2571 quidem,
1371 2485 1396 2542 ut

285 2601 305 2677 ξ
331 2599 368 2660 12
397 2598 521 2680 monui,
550 2620 668 2661 vacuus
691 2619 805 2662 errore.
835 2638 877 2648 ν
912 2598 1033 2662 Eodem
1055 2597 1207 2661 nimirum
1230 2598 1295 2662 iure
1314 2597 1396 2671 ἐπιμε-

285 2709 411 2787 ριςμούς
434 2709 474 2770 ab
496 2709 559 2771 Oro
583 2708 717 2792 scriptos
739 2709 871 2792 colligas
894 2731 932 2771 ex
954 2708 1060 2791 Etym.
1084 2709 1127 2772 lll.
1146 2731 1179 2791 p.
1195 2708 1268 2788 523,
1284 2708 1330 2788 24,
1349 2725 1395 2767 ma·

284 2819 350 2882 iore
373 2818 469 2881 etiarn
493 2819 527 2882 in
549 2819 714 2882 Hecubam
738 2818 900 2901 Euripidis
925 2819 1201 2882 commentariose
1223 2841 1255 2902 p.
1278 2817 1342 2894 293,
1356 2814 1395 2876 li.

370 2929 576 2992 Reconditius
600 2932 656 3011 cst,
682 2931 763 3013 (prod
787 2930 821 2993 in
844 2930 910 2994 solo
926 2930 1072 2994 Gudiano
1095 2932 1200 2992 exstat
1223 2952 1254 3012 p.
1270 2927 1335 3008 342,
1353 2925 1395 2987 35:

286 3041 400 3119 Κράδη,
424 3040 442 3118 ἡ
466 3045 550 3118 ςυκῆ,
574 3042 625 3104 διὰ
646 3042 685 3104 τὸ
709 3045 849 3121 ςυνεχώς
871 3041 1098 3119 κραδαίνεςθαι.
1144 3040 1259 3120 Ὦρος
1279 3043 1325 3120 τῷ
1344 3035 1395 3109 θη·

285 3151 462 3234 ριππίοῃ·
486 3151 547 3214 ἔςτι
570 3153 674 3230 πατὴρ
697 3152 837 3230 κύμηνον
861 3153 910 3216 καὶ
932 3151 1034 3230 μόνον
1057 3151 1129 3215 οὐτ’
1157 3151 1319 3231 ἀρηχεύιιιν
1337 3144 1394 3208 τοὺ(

284 3260 421 3323 θαλλοὺς
443 3264 509 3325 τῶν
532 3265 668 3340 κραδῶν.
704 3261 749 3324 Vt
771 3261 907 3342 mittam,
932 3283 1012 3344 qnae
1035 3259 1185 3323 hariolari
1209 3259 1306 3344 possis
1325 3274 1393 3340 prae

285 3373 333 3431 ter
355 3392 432 3450 reru,
458 3371 491 3433 in
515 3371 664 3434 extremis
686 3393 834 3435 versuum
857 3371 994 3455 vestigia
1016 3371 1114 3435 habes
1137 3371 1318 3434 manifesta:

436 3533 516 3596 ἕςτιν
539 3536 642 3612 πατὴρ
665 3535 796 3611 κύμινον
819 3583 1245 3597 ...............

436 3645 580 3720 μονονοὺ
601 3646 779 3722 ταριχεύων
807 3666 841 3708 τε
864 3645 1003 3708 θαλλοὺς
1024 3649 1091 3708 τῶν
1112 3647 1248 3723 κραδῶν.

284 3811 486 3875 (lunoediam
520 3813 695 3896 significari
729 3813 926 3892 Θηριππίδης
959 3813 1148 3896 inscriptam
1182 3813 1215 3875 in
1252 3803 1390 3894 propatulo

283 3927 341 3985 est.
388 3923 519 3996 Qualem
544 3945 614 3986 cum
638 3924 766 3986 aliunde
789 3923 930 3986 norimus
954 3924 1086 4004 nullum,
1115 3922 1197 3985 nilril
1219 3927 1319 3984 tamen
1339 3933 1388 3998 pru

283 4033 352 4114 pius
387 4035 496 4096 abesse
531 4057 549 4094 a
578 4034 805 4116 probabilitate
834 4034 973 4115 videtur,
1009 4055 1104 4117 quam
1137 4033 1176 4096 de
1208 4035 1297 4116 poeta
1326 4022 1388 4104 eugl-

230 4155 263 4200 ›10
281 4147 365 4218 tare,
405 4144 492 4206 euius
521 4167 576 4206 cur
603 4167 719 4207 nomen
748 4144 962 4224 interciderit,
996 4144 1030 4207 iu
1058 4145 1127 4226 ipsa
1156 4143 1252 4224 Ὧρος
1279 4132 1387 4204 nominis

282 4253 398 4316 vicinia
417 4277 526 4318 caussa
544 4258 701 4318 cernatur.
733 4253 778 4316 vt
793 4255 839 4317 sie
862 4258 970 4337 putem
993 4253 1206 4337 redintegrari
1222 4251 1387 4316 Gadium:

281 4402 323 4412 —
354 4365 578 4442 κραδαίνεςθαι.
611 4366 717 4446 Ὦρος.
756 4365 1055 4446 Ἀπολλόδωρος
1084 4365 1119 4430 ἐν
1147 4370 1194 4452 τῷ
1222 4357 1387 4442 θηριπιιίλη·
