2990 5140
454 402 491 448 rs
514 402 797 450 emerentianam.
1134 387 1195 452 231
1278 395 1283 408 ·

144 555 205 621 Sed
227 555 261 618 in
283 554 332 618 bis
354 554 481 638 quidem
503 555 608 618 minor
633 557 681 618 est
708 576 895 639 graecorum
918 578 937 619 a
959 555 1069 620 latinis
1092 557 1196 620 verbis
1214 573 1261 623 aar

68 665 247 729 differentia.
292 663 397 750 Magis
425 665 511 728 enim
538 664 692 730 recedunt
717 687 755 729 ea
782 687 862 749 quae
891 666 931 729 ad
954 666 1142 730 Callimachi
1165 671 1198 730 et

68 775 281 840 Eratosthenis
297 774 395 840 vitam
417 774 598 858 spectantia
620 775 727 858 posuit
741 774 868 840 Tzetza.
906 775 954 839 De
977 777 1090 860 quibus
1112 777 1196 841 hanc

67 885 121 948 sibi
146 885 239 950 linxit
265 885 476 967 sententiam,
505 884 595 948 libris
618 907 638 978 a
660 884 837 966 Zenodoto,
870 885 1069 968 Alexandro,
1098 886 1196 970 Lyco-

68 995 178 1078 phrone
200 995 367 1060 recensitis
390 1000 422 1058 et
453 995 487 1058 in
510 1015 581 1058 eum
608 995 662 1079 qui
684 995 852 1060 videbatur
873 995 1019 1060 ordinem
1046 995 1194 1079 redact'm,

67 1105 288 1170 Callimachum
316 1107 410 1188 atque
433 1103 696 1189 Eratosthenem,
725 1105 778 1188 qui
807 1105 937 1170 iuvenes
964 1109 1042 1170 tunc
1065 1106 1099 1170 in
1122 1105 1196 1170 aula

68 1215 147 1298 regia
160 1218 380 1298 versarentur,
405 1237 478 1280 suas
493 1215 669 1298 suscepisse
691 1215 890 1298 provincias,
915 1215 997 1280 alter
1016 1221 1053 1280 ut
1074 1215 1195 1280 indices

67 1323 212 1390 libromm‘
229 1329 450 1409 componeret,
480 1325 562 1390 alter
589 1329 625 1388 ut
653 1325 866 1390 bibliothecae
894 1329 1065 1408 praeesset.
1111 1326 1196 1390 Nam

66 1435 139 1517 quod
150 1435 397 1500 Eratosthenem
412 1457 535 1520 quoque
550 1436 584 1498 in
599 1434 690 1500 libris
702 1436 905 1500 recensendis
919 1436 1022 1500 tribus
1036 1457 1195 1520 gramma-

65 1543 129 1608 ticis
143 1545 270 1610 affirisse
292 1545 418 1610 dixerat
439 1545 474 1609 in
496 1545 602 1628 priore
616 1544 794 1630 prooemio,
818 1545 999 1630 improbare
1014 1545 1139 1610 videtur
1161 1547 1194 1610 in

65 1654 156 1718 altero
177 1655 260 1721 ἀλλὰ
280 1655 320 1720 τὰ
341 1657 399 1734 μὲν
417 1656 618 1735 Καλλιμάχου
633 1677 702 1739 sqq.
741 1655 805 1719 Vix
819 1655 925 1720 minus
947 1655 1094 1720 fabulosa
1115 1656 1195 1720 haec

65 1763 157 1847 (beas,
190 1787 287 1850 quam
314 1787 395 1849 quae
422 1765 463 1828 de
491 1765 602 1829 eodem
635 1769 825 1850 argumento
858 1766 1029 1830 memoriae
1061 1765 1195 1830 tradidit

65 1872 217 1940 Vitruvius
241 1874 303 1939 VII
331 1875 452 1959 praet,
482 1875 641 1960 castigata
667 1897 686 1938 a
709 1874 860 1940 Olintono
888 1876 963 1940 last.
993 1875 1122 1940 Hellen.
1146 1875 1194 1940 ΙΙΙ

65 2007 91 2066 p.
111 1985 180 2050 387.
226 1985 352 2070 Duplex
376 1985 462 2050 enim
487 1985 573 2050 inest
595 2006 698 2068 error,
727 1985 865 2068 primum
891 1985 975 2069 quod
997 1985 1194 2054 Zenodotum

65 2097 131 2158 ante
145 2093 394 2160 Eratosthenem
415 2095 627 2160 bibliothecae
642 2095 818 2179 praefuisse
834 2094 947 2159 Suidas
963 2117 992 2159 v.
1007 2097 1193 2175 Ζηνόδοτο(

64 2205 166 2286 refert,
189 2204 305 2269 deinde
329 2205 412 2290 quod
434 2204 664 2270 Eratosthenes
692 2208 773 2268 teste
802 2205 912 2269 eodem
934 2204 1031 2269 Suida
1053 2227 1083 2270 v.
1108 2207 1192 2286 Ἐρα-

63 2317 200 2395 saccone
215 2319 296 2398 tum,
314 2337 386 2380 cum
401 2313 629 2398 Philadelphus
644 2315 871 2380 bibliothecam
887 2314 1047 2396 conderet,
1064 2315 1193 2378 vixdum

63 2427 162 2506 natus,
185 2427 228 2490 ab
250 2425 413 2510 Euergeta
435 2425 561 2488 demum
584 2424 722 2488 Athenis
745 2425 915 2489 arcessitus
938 2427 987 2488 est
1014 2427 1038 2510 ).

62 2651 169 2719 cogitari
185 2655 294 2723 potest:
318 2671 373 2720 qua
391 2654 530 2709 sententia
551 2653 625 2708 haud
643 2653 700 2707 seio
719 2671 754 2706 au
777 2652 878 2707 rectius
900 2653 1011 2718 ἁπλῶς,
1034 2651 1108 2719 quod
1132 2651 1193 2706 aliis

62 2744 186 2811 placuisse
205 2745 301 2812 video,
325 2745 476 2813 scribatis,
498 2749 530 2800 ut
548 2745 584 2800 sit
602 2749 642 2802 dr<
660 2749 758 2800 tutos(
778 2748 877 2802 εἰπεῖν.
912 2745 1037 2813 Denique
1055 2743 1193 2799 ascribam

63 2835 165 2892 llatteri
177 2840 265 2894 verba
277 2838 412 2893 ‘Histoire
430 2839 464 2894 de
482 2839 577 2894 l'eeole
596 2839 798 2894 d'Alexandrie'
811 2842 832 2892 t.
848 2847 859 2892 1
874 2857 900 2908 p.
916 2845 963 2894 143
975 2838 1018 2892 ed.
1032 2845 1059 2892 2:
1091 2838 1193 2892 ‘Notrc

62 2929 184 3000 lnmnnn,
203 2931 253 3001 qui
271 2949 288 2987 a
305 2950 344 3001 pu
363 2932 456 3002 copier
474 2949 508 2986 en
527 2934 572 2986 cet
589 2931 698 2986 endroit
715 2931 885 2997 Callimaque
902 2949 938 2986 ou
956 2949 993 2984 un
1011 2930 1140 2985 scoliaste
1159 2931 1193 2984 de

61 3023 166 3079 l‘auteur
188 3025 226 3079 du
244 3025 354 3090 Musae,
377 3041 411 3078 en
430 3027 534 3078 venant
557 3025 625 3078 faire
643 3041 696 3078 une
720 3023 880 3078 distinction
904 3023 1028 3078 formello
1051 3024 1129 3077 entre
1152 3023 1192 3076 les

62 3117 173 3172 sommas
192 3118 321 3188 simplem
346 3120 442 3186 ἀμιγᾱ,
466 3117 605 3172 volumina
623 3097 759 3187 simplicia
776 3118 805 3170 et
823 3116 946 3184 digesta,
965 3119 994 3170 et
1011 3117 1051 3170 les
1069 3116 1192 3170 volumen

62 3212 226 3279 commixtas,
261 3217 393 3278 ευμμιγᾶ,
429 3211 533 3265 semble
566 3209 710 3280 expliquer
738 3210 764 3263 le
793 3211 883 3263 terme
912 3209 947 3263 de
981 3207 1069 3274 βιβλία
1098 3211 1194 3264 ἁπλόα

61 3305 215 3374 qu'emploie
235 3305 401 3371 Plutarque,
424 3303 493 3358 dans
516 3303 542 3357 le
564 3320 626 3357 sens
650 3303 814 3371 d'ouvrages
838 3302 906 3356 dont
929 3302 955 3355 le
978 3300 1194 3370 depouillement

61 3399 98 3448 est
113 3397 172 3464 fait,
191 3398 263 3452 dont
280 3395 431 3464 l’integrite
450 3398 479 3449 ct
495 3394 697 3450 l'authentieite
716 3396 932 3458 conterrentes,
956 3394 1025 3447 dont
1041 3395 1134 3448 tontes
1151 3393 1193 3448 les

60 3487 142 3554 pitres
158 3490 333 3545 faussement
350 3489 504 3543 attributes
523 3491 540 3542 a
557 3489 674 3543 l'auteur
692 3491 742 3544 ont
759 3491 803 3542 ete
822 3489 945 3542 ecartees
967 3504 1019 3557 par
1040 3487 1081 3540 les
1100 3485 1193 3540 Chori-

60 3585 159 3647 zontcs‚
178 3601 213 3636 en
232 3599 270 3636 un
283 3584 354 3648 mot,
374 3581 421 3648 qui
434 3583 484 3636 cat
501 3584 584 3651 pesse
597 3599 643 3634 sur
660 3581 689 3636 la
706 3581 879 3651 planchette,
897 3581 945 3648 oh,
964 3579 1075 3633 suivant
1086 3579 1193 3647 Galien,

61 3689 91 3724 on
108 3673 236 3744 deposuit
256 3675 298 3728 les
317 3691 453 3743 ouvrages
472 3674 613 3729 examines
637 3677 666 3728 et
688 3673 757 3728 dont
774 3673 847 3727 enfin
870 3690 905 3728 on
926 3689 961 3726 ne
985 3671 1120 3741 compteit
1142 3689 1192 3742 pas

60 3763 94 3816 les
111 3767 246 3822 doubles.’
283 3767 465 3836 Opinionibus
483 3767 574 3836 magis
593 3783 678 3834 quam
695 3765 868 3834 argumentis
890 3767 972 3830 haec,
994 3764 1065 3818 sicut
1086 3765 1193 3834 reliqua

61 3873 124 3923 quae
141 3859 176 3914 de
194 3859 248 3914 hoc
265 3862 433 3928 argumento
451 3859 525 3914 idem
544 3860 664 3930 scriptor
682 3861 854 3914 commentus
872 3861 928 3924 cst,
946 3857 1078 3912 nituntur.

114 3952 138 4018 *λ
147 3951 210 4006 Non
220 3955 282 4007 erat
291 3969 339 4006 cur
351 3951 431 4006 huius
443 3952 611 4008 narrationis
623 3952 705 4006 fidem
716 3953 838 4006 elevaret
847 3951 1041 4018 Bemhardyus
1051 3950 1191 4004 Eratosth.

60 4059 82 4110 p.
100 4043 162 4098 Vlll
181 4047 211 4099 et
230 4049 274 4110 16,
295 4049 447 4116 propterea
469 4045 544 4113 quod
562 4046 713 4114 perbreve
734 4048 844 4100 tantum
866 4048 976 4114 tempus
994 4043 1193 4098 Eratosthenes

61 4136 169 4192 Athenis
192 4141 381 4193 commoratus
404 4141 486 4192 esset.
525 4139 597 4193 Nam
620 4139 694 4206 quod
718 4137 798 4192 hrrius
821 4137 975 4192 sententiae
998 4137 1193 4205 argumentum

61 4229 157 4296 posuit,
176 4231 356 4287 Polemonem
375 4232 476 4286 librum
495 4236 559 4300 cept
577 4237 627 4300 τῆ(
643 4233 790 4299 Ἀθήνηειν
809 4231 1019 4298 Ἐρατοεθένου(
1037 4230 1193 4298 ἀποδημία(

59 4319 217 4393 inscriptum
237 4324 425 4394 composuisse
444 4325 538 4392 (schol.
558 4324 697 4394 Aristoph.
717 4327 766 4378 Av.
788 4329 836 4391 11),
855 4341 909 4391 quo
928 4341 991 4378 eum
1009 4321 1119 4376 omniuo
1137 4339 1193 4378 non

61 4415 138 4470 luisse
155 4417 185 4471 in
204 4417 252 4472 illa
268 4417 338 4472 urbe
357 4418 517 4474 ostenderet
535 4419 579 4486 (cl.
598 4417 699 4472 Strabo
717 4419 729 4472 l
748 4437 775 4488 p.
796 4423 847 4486 15),
864 4417 893 4470 id
915 4416 956 4470 ita
978 4415 1070 4486 potius
1091 4415 1192 4470 intelli·
