2942 5134
442 377 585 432 redelor
608 375 755 430 serare.
1106 359 1170 428 413

46 535 212 623 significare
233 533 395 620 Diogenes
418 535 564 599 Laertius
586 533 711 599 videtur
732 533 792 616 ΠΙ,
816 534 847 615 8,
870 553 936 598 non
958 535 1026 597 tam
1049 537 1170 599 certum
1200 554 1206 563 ·

46 651 92 731 est,
113 669 207 733 quam
221 645 376 710 Hudsono
398 646 502 710 visum
523 648 572 709 est
587 644 696 708 adnot.
714 644 754 707 ad
770 644 1001 708 Marcellinum.
1014 645 1045 728 *j
1080 641 1170 719 Quod

46 762 137 820 autem
157 778 196 820 ex
210 755 425 864 Praxiphanis
446 755 503 820 illo
524 758 597 836 περὶ
617 761 761 833 ποιητῶν
784 754 875 836 libro,
900 777 918 817 a
935 753 1079 838 Diogene
1100 755 1123 818 1.
1141 777 1167 818 ο.
1187 772 1203 820 a

46 869 289 949 commemorato,
325 868 452 948 sumpta
479 886 548 928 esse
574 863 741 928 Harlesius
768 863 802 927 in
829 862 970 928 Fabricii
998 862 1082 927 Bibl.
1119 886 1168 948 gr.

44 976 83 1039 ΠΙ
102 999 132 1059 p.
154 976 218 1042 503
245 978 338 1058 putat
360 996 415 1057 ea,
444 995 525 1058 quae
548 995 586 1038 ex
609 972 813 1056 Praxiphane
835 972 1049 1056 Theophrasti
1076 973 1169 1037 disci-

45 1085 107 1167 pulo
128 1085 167 1148 ad
188 1083 323 1148 Hesiodi
345 1084 485 1167 Operum
507 1083 579 1147 init.
604 1083 696 1147 affert
718 1081 856 1146 Ioannes
878 1082 1011 1166 Taetaa,
1040 1082 1071 1147 id
1096 1105 1169 1148 con-

45 1195 97 1257 fido
117 1193 236 1258 nemini
251 1195 421 1277 probatum
444 1193 493 1276 iri,
517 1193 570 1278 qui
594 1215 665 1257 cum
680 1192 815 1256 Taetaae
838 1192 999 1256 adnotatis
1014 1192 1170 1277 Diogenis

45 1304 131 1366 rerba·
154 1303 328 1389 diligenter
361 1303 573 1367 contenderit.
624 1301 772 1368 Ceterum
799 1323 860 1366 nee
887 1303 947 1366 hoc
976 1325 1088 1374 censor
1115 1303 1169 1366 ille

45 1412 254 1498 Gottingensis
289 1435 356 1477 non
389 1413 486 1496 vidit,
525 1411 676 1476 Archelai
704 1433 822 1476 nomen
856 1412 995 1495 positum
1023 1413 1121 1476 luisse
1151 1435 1170 1475 a

44 1522 217 1587 Marcellino
252 1523 337 1586 inter
363 1527 530 1607 poetarum
557 1522 703 1604 nomina,
742 1522 854 1606 quibus
888 1523 1029 1607 aequalis
1057 1522 1170 1586 fuisset

43 1631 244 1716 Thucydides:
281 1633 432 1697 omissum
463 1635 570 1696 autem
604 1655 622 1696 a
648 1631 787 1700 ‚librario
815 1635 848 1696 et
880 1631 913 1696 in
941 1632 1088 1716 margine
1117 1633 1170 1696 ad·

42 1743 185 1825 scriptum
206 1764 275 1806 esse
281 1793 290 1825 ,
319 1742 396 1807 hinc
418 1764 492 1806 vero
514 1743 696 1826 importuno
718 1742 788 1806 loco
815 1742 857 1804 ab
880 1742 942 1806 alio
964 1742 1101 1826 quodam
1121 1743 1170 1806 in-

42 1857 160 1916 sertum.
204 1851 359 1916 Nolumus
382 1854 467 1918 enim
490 1852 569 1916 adeo
591 1851 761 1934 hariolari,
786 1855 821 1915 ut
843 1852 941 1916 etiam
962 1853 1170 1934 Πραξιφάνης

42 1961 72 2026 ἐν
92 1969 137 2048 τῷ
158 1965 230 2043 περὶ
245 1964 420 2043 Ἀρχελάου
442 1962 579 2044 ἱετορίιιι
601 1961 742 2046 potuisse
765 1961 919 2044 scriptum
942 1983 1010 2026 esse
1033 1963 1169 2026 conicia-

42 2092 112 2134 mus.
161 2071 382 2136 Archelaus
410 2093 485 2136 vero
511 2075 618 2146 utrum
646 2093 702 2135 rex
729 2071 854 2134 dicatur
882 2093 925 2134 au
952 2071 1168 2156 philosophus,

41 2181 194 2265 ambigere
215 2181 305 2246 licet:
328 2181 367 2244 de
382 2181 570 2265 philosopho
593 2185 678 2246 certe
700 2186 878 2265 temporum
898 2181 980 2245 ratio
1002 2183 1170 2267 quominus

42 2292 207 2374 cogitemus
228 2291 359 2355 minime
381 2290 524 2375 impedit.
555 2290 604 2355 De
627 2291 714 2356 cuius
737 2295 843 2355 aetate
864 2291 1055 2374 paucissima
1077 2312 1170 2375 quae-

40 2399 107 2462 dam
134 2401 257 2465 dictrrro
284 2401 364 2464 mihi
391 2401 482 2464 doleo
514 2401 596 2464 nulli
623 2402 692 2464 usui
720 2423 788 2465 esse
816 2401 906 2465 Ionis
931 2400 1002 2466 chii
1029 2401 1170 2464 testimo-

40 2509 122 2572 nium
150 2511 189 2574 ab
216 2509 363 2594 Diogene
385 2509 547 2594 proditum
568 2510 617 2594 Π,
641 2512 696 2576 23:
725 2514 775 2576 κα1
797 2513 890 2578 νέον
913 2511 1010 2577 ὄντα
1032 2512 1170 2596 (Cresph-

38 2623 105 2703 την)
128 2621 171 2686 εἰ(
192 2621 299 2700 (apoc
322 2623 379 2686 (ὺν
401 2621 562 2705 Ἀρχελάῳ
585 2621 797 2702 ἀποδημῆεαιι
826 2621 943 2705 quippe
966 2621 1049 2705 quod
1070 2621 1170 2704 ipsius

37 2725 172 2794 Socratis
204 2730 290 2814 apud
316 2729 486 2794 Platonem
514 2729 609 2794 dictis
637 2731 716 2795 satis
743 2730 965 2815 redarguatur.
1015 2730 1170 2806 Quocirca

39 2840 219 2904 certioribus
246 2839 444 2925 argumentis
471 2840 591 2903 utimur
617 2838 684 2923 his,
713 2841 796 2924 quod
824 2845 856 2904 et
883 2842 1098 2925 Anaxagorae
1125 2841 1170 2904 di·

36 2947 171 3031 scipulos
199 2953 232 3014 et
253 2948 394 3014 Socratis
417 2949 571 3036 magister
593 2949 770 3015 Archelaus
797 2951 875 3015 fuit:
905 2951 965 3016 hoc
988 2952 1073 3016 enim
1096 2951 1170 3016 Dio-

36 3059 125 3138 genis
140 3059 252 3142 11,19‚
277 3057 451 3125 Clementis
474 3059 687 3124 Alexandrini
710 3061 858 3124 Strom.l
879 3083 911 3146 p.
932 3061 1001 3144 129,
1017 3061 1060 3126 50
1082 3061 1169 3145 Sylb.

36 3169 64 3228 et
86 3167 203 3232 Suidae
225 3191 255 3234 ν.
277 3170 443 3251 (ωκράτηε
466 3169 657 3234 testimoniis
679 3171 758 3234 satis
782 3171 996 3236 confirmatur.
1041 3173 1171 3236 Anaxa-

34 3277 126 3359 goras
143 3283 251 3343 eutem
265 3282 360 3343 natus
383 3283 432 3342 est
447 3279 636 3363 olympiadis
652 3280 740 3344 LXX
756 3303 785 3344 a.
805 3284 832 3364 1,
855 3285 891 3348 ut
905 3281 1039 3346 tradidit
1053 3281 1170 3366 Dioge-

34 3407 87 3449 nes
103 3389 148 3472 11,
166 3391 184 3454 7
207 3389 396 3472 Apollodori
418 3387 480 3452 fide
496 3393 528 3453 et
543 3389 699 3454 Demetrii
713 3391 877 3456 Phalerei:
899 3391 1063 3476 utriusque
1085 3393 1171 3456 enim

34 3498 218 3563 testimonia
240 3499 337 3582 plane
358 3500 445 3563 inter
467 3519 501 3562 se
523 3521 700 3584 congruere
721 3501 850 3584 senties,
874 3501 929 3565 ubi
952 3525 1023 3565 cum
1038 3501 1171 3568 Corsino

33 3603 117 3670 Fast.
143 3609 215 3672 Att.
238 3607 287 3672 Ill
309 3632 341 3692 p.
367 3609 428 3674 166
450 3609 582 3673 Meursii
602 3611 801 3674 verissimam
823 3611 1078 3676 emendationem
1099 3635 1171 3697 pro·

31 3713 157 3782 baveris
182 3720 360 3784 Καλλιάδου
382 3718 551 3782 scribentis
573 3743 631 3804 pro
655 3722 791 3786 Καλλίου
820 3721 858 3785 de
880 3722 1025 3787 archont.
1049 3724 1169 3789 Athen.

32 3823 60 3887 ll
84 3850 158 3912 cap.
183 3828 219 3912 8,
249 3829 495 3892 aracusiam
517 3830 732 3911 ὀγδοηκοιτῆ(
754 3854 812 3915 pro
834 3833 1082 3918 ἑβδομηκοιιήε,
1110 3834 1172 3899 hoc

30 3943 75 4000 est
105 3949 271 4002 annuum
305 3962 364 4024 pro
394 3951 544 4024 eunom,
572 3941 659 4005 Leet.
689 3943 758 4008 Au.
783 3941 848 4025 ΠΙ,
876 3943 928 4006 27.
973 3943 1090 4008 Omnia
1118 3967 1171 4007 au-

30 4049 93 4112 tem
116 4047 206 4132 apud
225 4047 404 4135 Diogenem
423 4051 560 4134 turpiter
585 4051 739 4134 pervertit
762 4052 979 4137 vitiosissime,
1009 4057 1044 4116 ut
1064 4075 1170 4138 saepe,

93 4303 119 4374 *ρ
140 4303 255 4374 [Merito
274 4317 329 4358 non
350 4300 490 4360 dubitavit
505 4303 679 4361 Prellerus
698 4303 732 4363 de
750 4304 925 4378 Praxiphane
943 4322 971 4378 p.
989 4313 1023 4364 20
1040 4303 1119 4376 adn,
1137 4307 1172 4364 de

29 4393 201 4452 scholiorum
213 4397 413 4452 Hesiodeorum
430 4400 590 4453 testimonio
608 4418 690 4471 posse
709 4401 829 4456 dubitari
847 4403 1000 4457 concedens
1019 4411 1086 4473 pet
1097 4403 1172 4474 adra]
