2954 5134
378 365 915 430 urosrsn,usmcsssssssusrs
1154 357 1217 422 535

86 527 141 606 γάρ
155 527 214 592 ἐςτι
236 525 414 609 [μόνον],
440 525 478 588 18
493 525 707 605 περὶτούτων
730 526 812 609 [ἐπ’
833 525 1051 614 ἀκριβείας]
1073 526 1217 604 ἕκαςτον,

87 636 121 698 21
143 633 418 719 [sconiensem
439 656 504 701 που
527 636 642 719 [κατὰ
664 637 819 720 μόνας],
841 635 901 700 22·
924 637 1108 716 βοολεύςων
1131 637 1216 720 [βα-

87 747 202 812 ςιλεὺε
225 746 313 828 ὢν],
335 744 378 808 23
393 746 431 812 τὸ
446 749 549 825 εχῆμα
571 746 660 829 [τοῦ
683 746 792 830 βίου]
814 746 1082 827 διαφυλάξαντες,
1104 745 1217 826 souu-

87 859 164 936 ιήρςι
193 855 527 940 [κατεχομένους]
558 859 706 936 μακροῖς,
745 857 788 922 32
819 858 950 940 tiberne
981 855 1024 922 είς
1058 855 1215 936 ὕπαιθρον

87 964 350 1048 [ἀμφότεροι],
381 961 425 1030 40
455 965 648 1045 έποιήςοντο
682 967 787 1050 [περὶ
824 970 891 1046 τῆς
922 966 1100 1051 εἰρήνης]
1133 967 1216 1047 πρὸς

87 1077 219 1154 βοςιλέα,
252 1075 295 1139 68
328 1074 614 1156 ὑπερανεςτηκυίας
642 1075 863 1160 [ἀλλήλων]
894 1077 1065 1158 καθέδρας,
1098 1077 1139 1142 72
1172 1075 1217 1142 είς

86 1187 137 1264 τὴν
156 1185 279 1266 ἀγορὰν
303 1183 546 1272 [ἀπολογίας
567 1186 680 1267 χάριν
703 1187 921 1270 ἐξ]ελαιίνειν.

599 1383 619 1460 a
644 1381 693 1443 ιι.

159 1513 299 1578 Tantum
321 1513 360 1577 ds
381 1513 568 1578 lacunarum
589 1514 828 1598 supplementis.
874 1513 936 1580 Sed
964 1515 999 1578 in
1027 1515 1073 1578 cia
1095 1519 1215 1596 tamen,

86 1645 156 1706 quae
170 1645 236 1688 non
250 1621 473 1688 desiderantur
487 1623 522 1688 in
537 1631 574 1706 A,
591 1623 744 1688 maiorem
759 1625 786 1688 is
808 1624 1068 1709 diligentiam
1090 1625 1216 1708 scrip-

84 1735 187 1798 turae
218 1734 312 1798 nobis
348 1733 543 1818 comprobat.
594 1733 716 1817 Audio,
751 1755 817 1798 non
847 1733 985 1800 conccdo
1013 1734 1217 1818 simpliciter:

85 1863 176 1928 usqne
198 1843 285 1908 eninr
307 1843 368 1908 hoc
389 1846 457 1908 tam
480 1841 666 1908 constanter
687 1843 826 1930 factum,
850 1849 973 1910 utnon
996 1844 1093 1908 etiam
1115 1849 1161 1927 B,
1185 1847 1218 1907 ct

85 1955 170 2038 longe
192 1953 322 2038 quidem
347 1953 473 2037 saepius
500 1953 570 2018 sine
593 1959 617 2018 C
642 1975 737 2038 quam
761 1976 832 2019 cum
855 1960 893 2038 0,
923 1954 1052 2038 singula
1079 1954 1217 2038 plurima

84 2063 274 2128 emendatius
296 2064 417 2147 scripta
439 2085 536 2147 quam
559 2069 585 2129 A
606 2063 791 2149 prodiderit.
830 2063 867 2128 Id
890 2087 962 2128 cum
983 2063 1092 2136 multis
1114 2085 1217 2128 exem·
1235 2087 1268 2135 ao

84 2173 137 2254 plis
158 2195 217 2258 per
237 2172 379 2258 reliquae
402 2174 693 2260 argumentationis
715 2174 990 2258 opportunitatem
1011 2178 1088 2237 ante
1110 2173 1217 2238 allatis

84 2283 198 2348 offatim
220 2283 439 2348 didicerimus:
467 2283 622 2368 siquidem
649 2284 678 2348 ei
705 2284 752 2348 rei
773 2306 841 2349 non
863 2283 1010 2348 sufficere
1032 2283 1106 2347 libri
1127 2283 1148 2348 l'
1167 2305 1217 2348 ca-

84 2392 145 2475 pita
175 2392 270 2458 XXX
300 2393 405 2478 prima
437 2393 506 2458 risa
537 2397 626 2458 suut:
659 2395 728 2460 tum
760 2395 851 2460 novis
884 2395 1030 2458 evincere
1063 2393 1217 2458 sescentis

83 2500 156 2567 licet
186 2503 385 2587 Quamquam
406 2525 478 2568 cum
492 2503 552 2568 hoc
574 2525 676 2589 genus
691 2505 792 2569 multo
807 2505 905 2570 etiam
926 2504 1031 2568 minus
1052 2507 1217 2588 tamquam

84 2633 147 2676 cum
176 2613 353 2697 pulvisculo
386 2613 547 2678 exhauriri
579 2635 636 2698 par
668 2614 761 2680 huius
793 2614 1019 2699 disputationis
1050 2614 1217 2699 angustias

83 2723 193 2806 possit,
220 2745 324 2807 pauca
351 2745 438 2794 nunc
465 2745 522 2807 per
548 2727 689 2788 saturam
716 2747 828 2808 sparsa
854 2725 959 2812 magis
987 2747 1083 2808 quam
1109 2723 1217 2788 dedita

83 2852 171 2913 opera
200 2832 380 2917 conquisita
407 2833 486 2898 itetn
513 2855 531 2898 e
558 2833 590 2898 ll
613 2834 695 2898 libro
724 2839 757 2900 et
777 2834 826 2900 lll
854 2857 1047 2920 proponam,
1077 2837 1216 2918 praeter-

82 2941 179 3007 missis
205 2943 334 3028 quidem
359 2943 646 3010 innumerabilibus
673 2945 753 3022 illis,
786 2945 899 3028 quibus
927 2945 976 3008 vel
1004 2943 1114 3009 addito
1140 2944 1216 3008 arti-

84 3051 147 3116 culo
168 3054 218 3116 vel
239 3075 274 3120 τε
296 3055 347 3118 καὶ
367 3053 488 3136 scripto
510 3075 567 3138 pro
589 3054 711 3120 καλιαί
734 3057 898 3135 ςτρατείαν
924 3077 982 3139 pro
1010 3055 1156 3134 ςτρατιιίν
1184 3056 1217 3118 et

83 3160 107 3223 si
137 3185 215 3246 qnae
246 3163 361 3228 horum
395 3166 472 3228 sunt
503 3163 637 3248 similia,
671 3164 786 3229 scabra
818 3169 875 3230 aut
907 3165 1075 3248 inelegans
1113 3164 1217 3228 oratio

83 3272 271 3338 emendatur.
316 3271 413 3336 Haud
436 3275 625 3338 cunctanter
652 3274 752 3360 igitur
773 3297 790 3338 e
812 3278 842 3338 B
863 3273 1081 3357 recipiendum
1103 3273 1151 3356 ll,
1175 3275 1217 3337 22

83 3381 233 3449 ἄποιςιν
261 3383 327 3447 iam
355 3381 512 3466 Stephani
539 3384 722 3448 coniectura
749 3383 915 3448 inventum
937 3406 995 3468 pro
1017 3384 1150 3462 ἅποςιν,
1175 3382 1216 3447 38

83 3494 297 3558 δακτυλίων
319 3513 377 3576 pro
399 3495 580 3576 δακτύλων,
608 3493 651 3559 43
673 3495 946 3576 ἀγχίςτροφος
974 3514 1032 3577 pro
1055 3493 1216 3570 ἀντίςτρο-

83 3621 160 3678 ρος,
184 3603 226 3667 45
253 3604 406 3682 δεήςεις
431 3625 490 3687 pro
516 3605 687 3684 διηγήςεις,
719 3604 762 3668 49
789 3603 1026 3684 ἀτειχίςτοις
1054 3623 1113 3686 pro
1134 3601 1216 3668 ἀτει-

83 3709 216 3796 χίςτους,
245 3713 288 3776 64
309 3713 436 3778 πίλων
457 3713 522 3777 iam
545 3736 564 3778 a
587 3713 751 3799 Scaligero
773 3713 949 3797 expetitum
971 3734 1029 3796 pro
1050 3714 1214 3788 πιλακτῶν,

84 3817 122 3882 66
149 3819 228 3887 είναί
253 3843 340 3888 τινα
372 3842 430 3906 pro
463 3823 545 3890 εἶναι
577 3831 628 3910 τῷ
656 3824 802 3905 αίνείρ,
835 3824 877 3889 70
898 3824 1127 3905 ῥομβοειδεῖ
1159 3843 1217 3906 pro

84 3927 271 4014 ῥαβδοειδεί,
306 3933 347 3996 74
379 3932 563 4000 κάκείνας
595 3936 779 4016 περιλαβὼν
811 3955 869 4016 pro
896 3933 1026 4000 κάκεῖνα
1058 3955 1105 4011 π.,
1139 3931 1214 3996 ibid.

83 4039 204 4108 θιίουειν
231 4041 342 4108 αὐτοῖς
370 4041 427 4107 ὅς’
454 4042 526 4123 ἔπιτ’
552 4065 610 4128 pro
637 4050 664 4110 θ.
686 4065 715 4109 α.
744 4043 835 4124 ὄςτη
864 4047 957 4120 CAH,
985 4049 1012 4109 θ.
1037 4064 1067 4107 α.
1096 4043 1152 4107 ἔτι
1180 4045 1216 4119 Ρ,

84 4147 146 4232 ΙΠ,
172 4150 191 4213 2
214 4153 314 4232 δήτι
340 4152 467 4218 τοιόνδε
493 4175 551 4236 pro
573 4156 615 4220 δέ
642 4175 677 4220 τι
702 4155 830 4220 τοιόνδε
853 4159 894 4234 Α,
922 4153 1049 4218 τοιόνδε
1072 4173 1106 4216 τι
1129 4156 1217 4231 CDP,

83 4255 158 4322 ibid.
178 4261 468 4342 ἀποςτήεατθαι
489 4285 547 4346 pro
569 4263 786 4342 ἀποτίθεςθοι,
817 4263 857 4328 10
877 4265 937 4328 καί
959 4263 1128 4342 μηδενὸς
1149 4267 1217 4328 τῶν
1243 4249 1251 4264 ’

84 4365 188 4438 ἄλλων
214 4393 272 4455 pro
298 4374 396 4453 μηδὲν
424 4373 443 4438 δ
470 4377 537 4439 τῶν
565 4373 594 4438 ἄ.
622 4375 746 4461 (Aoo),
780 4373 822 4438 38
855 4373 1216 4456 προεκαθεζόμενοι
