<?xml version="1.0" encoding="UTF-8"?>
<!DOCTYPE html PUBLIC "-//W3C//DTD XHTML 1.0 Transitional//EN"
    "http://www.w3.org/TR/xhtml1/DTD/xhtml1-transitional.dtd">
<html xmlns="http://www.w3.org/1999/xhtml" xml:lang="en" lang="en">
 <head>
  <title>
</title>
<meta http-equiv="Content-Type" content="text/html;charset=utf-8" />
  <meta name='ocr-system' content='tesseract 3.04.00' />
  <meta name='ocr-capabilities' content='ocr_page ocr_carea ocr_par ocr_line ocrx_word'/>
</head>
<body>
  <div class='ocr_page' id='page_1' title='image "./fridericiritsch04ritsgoog_0402.png"; bbox 0 0 2942 5134; ppageno 0'>
   <div class='ocr_carea' id='block_1_1' title="bbox 261 315 1169 386">
    <p class='ocr_par' dir='ltr' id='par_1_1' title="bbox 261 315 1169 386">
     <span class='ocr_line' id='line_1_1' title="bbox 261 315 1169 386; baseline -0.004 -3"><span class='ocrx_word' id='word_1_1' title='bbox 261 336 297 383; x_wconf 83' lang='lat' dir='ltr'>rs</span> <span class='ocrx_word' id='word_1_2' title='bbox 320 336 452 386; x_wconf 73' lang='lat' dir='ltr'>sesses</span> <span class='ocrx_word' id='word_1_3' title='bbox 476 339 556 385; x_wconf 84' lang='lat' dir='ltr'>sov.</span> <span class='ocrx_word' id='word_1_4' title='bbox 579 339 713 386; x_wconf 75' lang='lat' dir='ltr'>osseis</span> <span class='ocrx_word' id='word_1_5' title='bbox 736 318 923 385; x_wconf 78' lang='lat'>254-261.</span> <span class='ocrx_word' id='word_1_6' title='bbox 1108 315 1169 380; x_wconf 76' lang='lat'>377</span> 
     </span>
    </p>
   </div>
   <div class='ocr_carea' id='block_1_2' title="bbox 50 486 1171 797">
    <p class='ocr_par' dir='ltr' id='par_1_2' title="bbox 50 486 1171 797">
     <span class='ocr_line' id='line_1_2' title="bbox 50 486 1169 576; baseline 0.001 -29"><span class='ocrx_word' id='word_1_7' title='bbox 50 486 134 564; x_wconf 83' lang='grc' dir='ltr'>δὲμὴ</span> <span class='ocrx_word' id='word_1_8' title='bbox 157 490 359 567; x_wconf 86' lang='grc' dir='ltr'>φιλοετόνως</span> <span class='ocrx_word' id='word_1_9' title='bbox 386 493 533 572; x_wconf 89' lang='grc' dir='ltr'>ἐπεύχου.</span> <span class='ocrx_word' id='word_1_10' title='bbox 575 491 619 557; x_wconf 73' lang='lat' dir='ltr'>Ei</span> <span class='ocrx_word' id='word_1_11' title='bbox 639 494 675 556; x_wconf 72' lang='lat' dir='ltr'>ut</span> <span class='ocrx_word' id='word_1_12' title='bbox 702 490 822 576; x_wconf 84' lang='lat' dir='ltr'>aliquid</span> <span class='ocrx_word' id='word_1_13' title='bbox 850 487 986 571; x_wconf 81' lang='lat' dir='ltr'>exempli</span> <span class='ocrx_word' id='word_1_14' title='bbox 1013 486 1169 566; x_wconf 76' lang='lat' dir='ltr'>ludamus,</span> 
     </span>
     <span class='ocr_line' id='line_1_3' title="bbox 50 593 1171 686; baseline 0.003 -30"><span class='ocrx_word' id='word_1_15' title='bbox 50 593 103 657; x_wconf 86' lang='lat' dir='ltr'>iam</span> <span class='ocrx_word' id='word_1_16' title='bbox 123 595 285 681; x_wconf 77' lang='lat' dir='ltr'>integram</span> <span class='ocrx_word' id='word_1_17' title='bbox 307 601 483 666; x_wconf 77' lang='lat' dir='ltr'>orationem</span> <span class='ocrx_word' id='word_1_18' title='bbox 504 625 562 686; x_wconf 90' lang='lat' dir='ltr'>pro</span> <span class='ocrx_word' id='word_1_19' title='bbox 582 602 666 666; x_wconf 85' lang='lat' dir='ltr'>virili</span> <span class='ocrx_word' id='word_1_20' title='bbox 694 605 786 686; x_wconf 71' lang='lat' dir='ltr'>perte</span> <span class='ocrx_word' id='word_1_21' title='bbox 809 623 827 664; x_wconf 80' lang='lat' dir='ltr'><strong>a</strong></span> <span class='ocrx_word' id='word_1_22' title='bbox 849 599 941 664; x_wconf 91' lang='lat' dir='ltr'>nobis</span> <span class='ocrx_word' id='word_1_23' title='bbox 963 596 1171 662; x_wconf 81' lang='lat' dir='ltr'>reconcinne-</span> 
     </span>
     <span class='ocr_line' id='line_1_4' title="bbox 50 707 735 797; baseline 0.012 -29"><span class='ocrx_word' id='word_1_24' title='bbox 50 707 107 768; x_wconf 72' lang='lat' dir='ltr'>tam</span> <span class='ocrx_word' id='word_1_25' title='bbox 127 707 262 791; x_wconf 78' lang='lat' dir='ltr'>aecipite</span> <span class='ocrx_word' id='word_1_26' title='bbox 285 711 411 795; x_wconf 81' lang='lat' dir='ltr'>qualem</span> <span class='ocrx_word' id='word_1_27' title='bbox 432 713 517 778; x_wconf 80' lang='lat' dir='ltr'>infre</span> <span class='ocrx_word' id='word_1_28' title='bbox 538 713 735 797; x_wconf 80' lang='lat' dir='ltr'>scripsimus:</span> 
     </span>
    </p>
   </div>
   <div class='ocr_carea' id='block_1_3' title="bbox 85 844 992 2034">
    <p class='ocr_par' dir='ltr' id='par_1_3' title="bbox 187 844 946 1260">
     <span class='ocr_line' id='line_1_5' title="bbox 187 844 876 930; baseline 0.004 -20"><span class='ocrx_word' id='word_1_29' title='bbox 187 844 252 922; x_wconf 87' lang='grc' dir='ltr'>ἐγὼ</span> <span class='ocrx_word' id='word_1_30' title='bbox 275 849 311 912; x_wconf 87' lang='grc' dir='ltr'>δὲ</span> <span class='ocrx_word' id='word_1_31' title='bbox 333 850 440 930; x_wconf 87' lang='grc' dir='ltr'>χώρας</span> <span class='ocrx_word' id='word_1_32' title='bbox 462 855 527 915; x_wconf 89' lang='grc' dir='ltr'>τοῖς</span> <span class='ocrx_word' id='word_1_33' title='bbox 549 851 770 929; x_wconf 83' lang='grc' dir='ltr'>πολιςςούχοιε</span> <span class='ocrx_word' id='word_1_34' title='bbox 791 851 876 914; x_wconf 88' lang='grc' dir='ltr'>θεοῖς</span> 
     </span>
     <span class='ocr_line' id='line_1_6' title="bbox 187 959 823 1040; baseline 0.005 -19"><span class='ocrx_word' id='word_1_35' title='bbox 187 959 394 1036; x_wconf 91' lang='grc' dir='ltr'>πεδιονόμοις</span> <span class='ocrx_word' id='word_1_36' title='bbox 415 981 449 1026; x_wconf 92' lang='grc' dir='ltr'>τε</span> <span class='ocrx_word' id='word_1_37' title='bbox 471 961 609 1040; x_wconf 86' lang='grc' dir='ltr'>κάγορᾶς</span> <span class='ocrx_word' id='word_1_38' title='bbox 631 962 823 1032; x_wconf 82' lang='grc' dir='ltr'>ἐπιςιιόποις,</span> 
     </span>
     <span class='ocr_line' id='line_1_7' title="bbox 188 1067 946 1148; baseline 0.004 -19"><span class='ocrx_word' id='word_1_39' title='bbox 188 1067 309 1146; x_wconf 86' lang='grc' dir='ltr'>Δίρκης</span> <span class='ocrx_word' id='word_1_40' title='bbox 331 1089 366 1134; x_wconf 87' lang='grc' dir='ltr'>τε</span> <span class='ocrx_word' id='word_1_41' title='bbox 388 1075 502 1148; x_wconf 89' lang='grc' dir='ltr'>πηγαῖς</span> <span class='ocrx_word' id='word_1_42' title='bbox 524 1071 613 1136; x_wconf 87' lang='grc' dir='ltr'>ὕδατί</span> <span class='ocrx_word' id='word_1_43' title='bbox 634 1073 665 1136; x_wconf 79' lang='grc' dir='ltr'>τ’</span> <span class='ocrx_word' id='word_1_44' title='bbox 688 1072 828 1148; x_wconf 79' lang='grc' dir='ltr'>Ἰςμηνοῦ</span> <span class='ocrx_word' id='word_1_45' title='bbox 851 1068 946 1145; x_wconf 87' lang='grc' dir='ltr'>λέγω,</span> 
     </span>
     <span class='ocr_line' id='line_1_8' title="bbox 188 1174 917 1260; baseline 0.005 -21"><span class='ocrx_word' id='word_1_46' title='bbox 188 1174 225 1240; x_wconf 87' lang='grc' dir='ltr'>εὗ</span> <span class='ocrx_word' id='word_1_47' title='bbox 246 1180 471 1258; x_wconf 82' lang='grc' dir='ltr'>ξυντυχόντων</span> <span class='ocrx_word' id='word_1_48' title='bbox 493 1183 542 1246; x_wconf 85' lang='grc' dir='ltr'>καῖ</span> <span class='ocrx_word' id='word_1_49' title='bbox 564 1183 691 1247; x_wconf 85' lang='grc' dir='ltr'>πόλεως</span> <span class='ocrx_word' id='word_1_50' title='bbox 713 1180 917 1260; x_wconf 83' lang='grc' dir='ltr'>ςεεωςμένης,</span> 
     </span>
    </p>

    <p class='ocr_par' dir='ltr' id='par_1_4' title="bbox 85 1278 992 2034">
     <span class='ocr_line' id='line_1_9' title="bbox 85 1278 833 1366; baseline 0.008 -18"><span class='ocrx_word' id='word_1_51' title='bbox 85 1278 87 1282; x_wconf 56' lang='grc'><strong>”</strong></span> <span class='ocrx_word' id='word_1_52' title='bbox 187 1287 331 1363; x_wconf 84' lang='grc' dir='ltr'>μήλοιςιν</span> <span class='ocrx_word' id='word_1_53' title='bbox 354 1289 511 1366; x_wconf 84' lang='grc' dir='ltr'>αἱμὰςςων</span> <span class='ocrx_word' id='word_1_54' title='bbox 533 1293 603 1357; x_wconf 80' lang='grc' dir='ltr'>τόθ’</span> <span class='ocrx_word' id='word_1_55' title='bbox 626 1293 726 1356; x_wconf 86' lang='grc' dir='ltr'>ἑςτίας</span> <span class='ocrx_word' id='word_1_56' title='bbox 748 1296 833 1354; x_wconf 86' lang='grc' dir='ltr'>θεῶν</span> 
     </span>
     <span class='ocr_line' id='line_1_10' title="bbox 187 1397 763 1480; baseline 0.009 -21"><span class='ocrx_word' id='word_1_57' title='bbox 187 1397 293 1473; x_wconf 84' lang='grc' dir='ltr'>θήςειν</span> <span class='ocrx_word' id='word_1_58' title='bbox 317 1404 454 1478; x_wconf 91' lang='grc' dir='ltr'>τροπαῖα</span> <span class='ocrx_word' id='word_1_59' title='bbox 476 1404 576 1467; x_wconf 88' lang='grc' dir='ltr'>δαῖων</span> <span class='ocrx_word' id='word_1_60' title='bbox 600 1403 763 1480; x_wconf 85' lang='grc' dir='ltr'>ἐςθήματα,</span> 
     </span>
     <span class='ocr_line' id='line_1_11' title="bbox 188 1505 992 1591; baseline 0.002 -22"><span class='ocrx_word' id='word_1_61' title='bbox 188 1509 319 1586; x_wconf 88' lang='grc' dir='ltr'>ςτέφων</span> <span class='ocrx_word' id='word_1_62' title='bbox 342 1511 473 1590; x_wconf 86' lang='grc' dir='ltr'>λάφυρα</span> <span class='ocrx_word' id='word_1_63' title='bbox 495 1513 682 1591; x_wconf 85' lang='grc' dir='ltr'>δουρίπηχθ’</span> <span class='ocrx_word' id='word_1_64' title='bbox 705 1511 815 1587; x_wconf 84' lang='grc' dir='ltr'>ἁγνοῖς</span> <span class='ocrx_word' id='word_1_65' title='bbox 837 1505 992 1588; x_wconf 83' lang='grc' dir='ltr'>δόμοις.*)</span> 
     </span>
     <span class='ocr_line' id='line_1_12' title="bbox 186 1615 887 1702; baseline 0.003 -23"><span class='ocrx_word' id='word_1_66' title='bbox 186 1615 321 1682; x_wconf 81' lang='grc' dir='ltr'>τοιαῦτα</span> <span class='ocrx_word' id='word_1_67' title='bbox 345 1619 438 1702; x_wconf 86' lang='grc' dir='ltr'>[τάμὰ</span> <span class='ocrx_word' id='word_1_68' title='bbox 464 1623 688 1701; x_wconf 81' lang='grc' dir='ltr'>πρυςδέχοινθ’</span> <span class='ocrx_word' id='word_1_69' title='bbox 710 1621 887 1699; x_wconf 88' lang='grc' dir='ltr'>ὁρκώματα.</span> 
     </span>
     <span class='ocr_line' id='line_1_13' title="bbox 187 1727 944 1812; baseline 0.003 -23"><span class='ocrx_word' id='word_1_70' title='bbox 187 1727 224 1789; x_wconf 89' lang='grc' dir='ltr'>ςὺ</span> <span class='ocrx_word' id='word_1_71' title='bbox 246 1729 281 1790; x_wconf 76' lang='grc' dir='ltr'>δ’</span> <span class='ocrx_word' id='word_1_72' title='bbox 304 1727 376 1812; x_wconf 80' lang='grc' dir='ltr'>οὖν]</span> <span class='ocrx_word' id='word_1_73' title='bbox 400 1731 540 1811; x_wconf 84' lang='grc' dir='ltr'>ἐπεύχου</span> <span class='ocrx_word' id='word_1_74' title='bbox 563 1735 602 1809; x_wconf 91' lang='grc' dir='ltr'>μὴ</span> <span class='ocrx_word' id='word_1_75' title='bbox 626 1730 827 1811; x_wconf 85' lang='grc' dir='ltr'>φιλοςτόνως</span> <span class='ocrx_word' id='word_1_76' title='bbox 849 1731 944 1802; x_wconf 82' lang='grc' dir='ltr'>θεοῖς,</span> 
     </span>
     <span class='ocr_line' id='line_1_14' title="bbox 187 1839 899 1920; baseline 0.006 -21"><span class='ocrx_word' id='word_1_77' title='bbox 187 1839 263 1914; x_wconf 81' lang='grc' dir='ltr'>μηδ’</span> <span class='ocrx_word' id='word_1_78' title='bbox 287 1839 324 1902; x_wconf 85' lang='grc' dir='ltr'>ἐν</span> <span class='ocrx_word' id='word_1_79' title='bbox 346 1841 491 1917; x_wconf 82' lang='grc' dir='ltr'>ματαίοις</span> <span class='ocrx_word' id='word_1_80' title='bbox 512 1841 650 1920; x_wconf 85' lang='grc' dir='ltr'>κάγρίοις</span> <span class='ocrx_word' id='word_1_81' title='bbox 672 1841 899 1920; x_wconf 88' lang='grc' dir='ltr'>ποιφύγμαςιν·</span> 
     </span>
     <span class='ocr_line' id='line_1_15' title="bbox 187 1945 937 2034; baseline 0.003 -26"><span class='ocrx_word' id='word_1_82' title='bbox 187 1945 226 2008; x_wconf 90' lang='grc' dir='ltr'>οὐ</span> <span class='ocrx_word' id='word_1_83' title='bbox 247 1947 312 2025; x_wconf 83' lang='grc' dir='ltr'>γάρ</span> <span class='ocrx_word' id='word_1_84' title='bbox 334 1969 363 2012; x_wconf 89' lang='grc' dir='ltr'>τι</span> <span class='ocrx_word' id='word_1_85' title='bbox 385 1952 507 2026; x_wconf 82' lang='grc' dir='ltr'>μᾶλλον</span> <span class='ocrx_word' id='word_1_86' title='bbox 530 1954 569 2029; x_wconf 90' lang='grc' dir='ltr'>μὴ</span> <span class='ocrx_word' id='word_1_87' title='bbox 592 1951 696 2034; x_wconf 88' lang='grc' dir='ltr'>φύγῃς</span> <span class='ocrx_word' id='word_1_88' title='bbox 717 1951 755 2012; x_wconf 90' lang='grc' dir='ltr'>τὸ</span> <span class='ocrx_word' id='word_1_89' title='bbox 778 1949 937 2028; x_wconf 90' lang='grc' dir='ltr'>μόρςιμον.</span> 
     </span>
    </p>
   </div>
   <div class='ocr_carea' id='block_1_4' title="bbox 49 2087 1177 2618">
    <p class='ocr_par' dir='ltr' id='par_1_5' title="bbox 49 2087 1177 2618">
     <span class='ocr_line' id='line_1_16' title="bbox 49 2087 1176 2181; baseline 0.004 -30"><span class='ocrx_word' id='word_1_90' title='bbox 49 2087 103 2153; x_wconf 65' lang='lat' dir='ltr'>1Vel</span> <span class='ocrx_word' id='word_1_91' title='bbox 123 2093 148 2156; x_wconf 80' lang='lat' dir='ltr'>si</span> <span class='ocrx_word' id='word_1_92' title='bbox 168 2097 267 2160; x_wconf 85' lang='lat' dir='ltr'>males</span> <span class='ocrx_word' id='word_1_93' title='bbox 290 2099 367 2178; x_wconf 82' lang='grc' dir='ltr'>τᾶμ’</span> <span class='ocrx_word' id='word_1_94' title='bbox 393 2101 434 2165; x_wconf 83' lang='grc' dir='ltr'>ἂν</span> <span class='ocrx_word' id='word_1_95' title='bbox 462 2104 695 2181; x_wconf 82' lang='grc' dir='ltr'>προςδέχυινθ’.</span> <span class='ocrx_word' id='word_1_96' title='bbox 739 2099 827 2176; x_wconf 81' lang='lat' dir='ltr'>Quae</span> <span class='ocrx_word' id='word_1_97' title='bbox 855 2120 927 2163; x_wconf 86' lang='lat' dir='ltr'>cum</span> <span class='ocrx_word' id='word_1_98' title='bbox 954 2097 994 2161; x_wconf 81' lang='lat' dir='ltr'>ab</span> <span class='ocrx_word' id='word_1_99' title='bbox 1020 2095 1071 2158; x_wconf 90' lang='lat' dir='ltr'>his</span> <span class='ocrx_word' id='word_1_100' title='bbox 1094 2091 1176 2156; x_wconf 83' lang='lat' dir='ltr'>exei-</span> 
     </span>
     <span class='ocr_line' id='line_1_17' title="bbox 53 2199 181 2280; baseline 0.063 -19"><span class='ocrx_word' id='word_1_101' title='bbox 53 2199 181 2280; x_wconf 81' lang='lat' dir='ltr'>piuntur:</span> 
     </span>
     <span class='ocr_line' id='line_1_18' title="bbox 189 2317 1177 2403; baseline 0.005 -23"><span class='ocrx_word' id='word_1_102' title='bbox 189 2317 253 2392; x_wconf 89' lang='grc' dir='ltr'>ἐγὼ</span> <span class='ocrx_word' id='word_1_103' title='bbox 277 2320 312 2382; x_wconf 86' lang='grc' dir='ltr'>δ’</span> <span class='ocrx_word' id='word_1_104' title='bbox 336 2318 385 2384; x_wconf 80' lang='grc' dir='ltr'>ἔτ’</span> <span class='ocrx_word' id='word_1_105' title='bbox 408 2320 529 2400; x_wconf 85' lang='grc' dir='ltr'>ἄνδρας</span> <span class='ocrx_word' id='word_1_106' title='bbox 552 2324 584 2388; x_wconf 77' lang='grc' dir='ltr'>ἓξ</span> <span class='ocrx_word' id='word_1_107' title='bbox 606 2323 675 2400; x_wconf 85' lang='grc' dir='ltr'>ἐμοὶ</span> <span class='ocrx_word' id='word_1_108' title='bbox 697 2323 753 2387; x_wconf 88' lang='grc' dir='ltr'>εὺν</span> <span class='ocrx_word' id='word_1_109' title='bbox 777 2320 902 2403; x_wconf 82' lang='grc' dir='ltr'>ἑβδόμῳ</span> <span class='ocrx_word' id='word_1_110' title='bbox 1127 2322 1177 2372; x_wconf 79' lang='lat'>265</span> 
     </span>
     <span class='ocr_line' id='line_1_19' title="bbox 188 2425 873 2510; baseline 0.004 -19"><span class='ocrx_word' id='word_1_111' title='bbox 188 2425 365 2507; x_wconf 81' lang='grc' dir='ltr'>ἀντηρέτας</span> <span class='ocrx_word' id='word_1_112' title='bbox 389 2429 527 2510; x_wconf 85' lang='grc' dir='ltr'>ἐχθροῖςι</span> <span class='ocrx_word' id='word_1_113' title='bbox 548 2432 606 2496; x_wconf 90' lang='grc' dir='ltr'>τόν</span> <span class='ocrx_word' id='word_1_114' title='bbox 629 2433 728 2510; x_wconf 87' lang='grc' dir='ltr'>μέγαν</span> <span class='ocrx_word' id='word_1_115' title='bbox 749 2430 873 2510; x_wconf 91' lang='grc' dir='ltr'>τρόπον</span> 
     </span>
     <span class='ocr_line' id='line_1_20' title="bbox 188 2535 862 2618; baseline 0.004 -19"><span class='ocrx_word' id='word_1_116' title='bbox 188 2535 229 2600; x_wconf 89' lang='grc' dir='ltr'>εἰς</span> <span class='ocrx_word' id='word_1_117' title='bbox 253 2537 453 2618; x_wconf 83' lang='grc' dir='ltr'>ἑπτατειχεῖς</span> <span class='ocrx_word' id='word_1_118' title='bbox 475 2540 608 2605; x_wconf 82' lang='grc' dir='ltr'>ἐξόδους</span> <span class='ocrx_word' id='word_1_119' title='bbox 630 2541 713 2606; x_wconf 83' lang='grc' dir='ltr'>τάξω</span> <span class='ocrx_word' id='word_1_120' title='bbox 736 2540 862 2618; x_wconf 75' lang='grc' dir='ltr'>μολών,</span> 
     </span>
    </p>
   </div>
   <div class='ocr_carea' id='block_1_5' title="bbox 54 2679 1241 2994">
    <p class='ocr_par' dir='ltr' id='par_1_6' title="bbox 54 2679 1241 2994">
     <span class='ocr_line' id='line_1_21' title="bbox 54 2679 1241 2775; baseline 0.002 -35"><span class='ocrx_word' id='word_1_121' title='bbox 54 2679 142 2746; x_wconf 80' lang='lat' dir='ltr'>eidem</span> <span class='ocrx_word' id='word_1_122' title='bbox 167 2689 201 2751; x_wconf 90' lang='grc' dir='ltr'>ςύ</span> <span class='ocrx_word' id='word_1_123' title='bbox 230 2690 428 2772; x_wconf 89' lang='lat' dir='ltr'>pronomini,</span> <span class='ocrx_word' id='word_1_124' title='bbox 467 2712 529 2775; x_wconf 88' lang='lat' dir='ltr'>quo</span> <span class='ocrx_word' id='word_1_125' title='bbox 561 2691 708 2754; x_wconf 70' lang='lat' dir='ltr'>Eteocles</span> <span class='ocrx_word' id='word_1_126' title='bbox 742 2690 781 2753; x_wconf 82' lang='lat' dir='ltr'>ad</span> <span class='ocrx_word' id='word_1_127' title='bbox 814 2711 904 2752; x_wconf 85' lang='lat' dir='ltr'>suum</span> <span class='ocrx_word' id='word_1_128' title='bbox 935 2686 1014 2750; x_wconf 81' lang='lat' dir='ltr'>illud</span> <span class='ocrx_word' id='word_1_129' title='bbox 1047 2685 1110 2761; x_wconf 87' lang='grc' dir='ltr'>ἐγὼ</span> <span class='ocrx_word' id='word_1_130' title='bbox 1144 2685 1179 2746; x_wconf 78' lang='grc' dir='ltr'>δὲ</span> <span class='ocrx_word' id='word_1_131' title='bbox 1198 2693 1241 2742; x_wconf 80' lang='lat' dir='ltr'>xlr</span> 
     </span>
     <span class='ocr_line' id='line_1_22' title="bbox 54 2790 1180 2884; baseline -0.008 -21"><span class='ocrx_word' id='word_1_132' title='bbox 54 2790 148 2868; x_wconf 74' lang='grc' dir='ltr'>Χώρας</span> <span class='ocrx_word' id='word_1_133' title='bbox 169 2800 231 2861; x_wconf 81' lang='grc' dir='ltr'>κτλ.</span> <span class='ocrx_word' id='word_1_134' title='bbox 255 2802 354 2882; x_wconf 77' lang='lat' dir='ltr'>atque</span> <span class='ocrx_word' id='word_1_135' title='bbox 377 2799 418 2862; x_wconf 83' lang='lat' dir='ltr'>ed</span> <span class='ocrx_word' id='word_1_136' title='bbox 440 2801 524 2879; x_wconf 85' lang='grc' dir='ltr'>τάμά</span> <span class='ocrx_word' id='word_1_137' title='bbox 544 2804 744 2884; x_wconf 77' lang='lat' dir='ltr'>respexerat,</span> <span class='ocrx_word' id='word_1_138' title='bbox 779 2821 862 2862; x_wconf 83' lang='lat' dir='ltr'>nove</span> <span class='ocrx_word' id='word_1_139' title='bbox 893 2795 1093 2880; x_wconf 69' lang='lat' dir='ltr'>oppositione</span> <span class='ocrx_word' id='word_1_140' title='bbox 1115 2793 1180 2854; x_wconf 82' lang='lat' dir='ltr'>inm</span> 
     </span>
     <span class='ocr_line' id='line_1_23' title="bbox 55 2897 1094 2994; baseline 0.006 -36"><span class='ocrx_word' id='word_1_141' title='bbox 55 2897 174 2968; x_wconf 73' lang='lat' dir='ltr'>alterum</span> <span class='ocrx_word' id='word_1_142' title='bbox 202 2907 264 2982; x_wconf 85' lang='grc' dir='ltr'>ἐγὼ</span> <span class='ocrx_word' id='word_1_143' title='bbox 289 2911 325 2972; x_wconf 79' lang='grc' dir='ltr'>δὲ</span> <span class='ocrx_word' id='word_1_144' title='bbox 349 2908 504 2973; x_wconf 79' lang='lat' dir='ltr'>refertur:</span> <span class='ocrx_word' id='word_1_145' title='bbox 539 2915 612 2994; x_wconf 82' lang='lat' dir='ltr'>‘ego</span> <span class='ocrx_word' id='word_1_146' title='bbox 635 2914 741 2973; x_wconf 80' lang='lat' dir='ltr'>eutem</span> <span class='ocrx_word' id='word_1_147' title='bbox 762 2911 939 2991; x_wconf 77' lang='lat' dir='ltr'>prseteres’</span> <span class='ocrx_word' id='word_1_148' title='bbox 964 2925 990 2967; x_wconf 89' lang='lat' dir='ltr'>e.</span> <span class='ocrx_word' id='word_1_149' title='bbox 1014 2926 1045 2986; x_wconf 91' lang='lat' dir='ltr'>q.</span> <span class='ocrx_word' id='word_1_150' title='bbox 1069 2925 1094 2965; x_wconf 89' lang='lat' dir='ltr'>s.</span> 
     </span>
    </p>
   </div>
   <div class='ocr_carea' id='block_1_6' title="bbox 55 3037 238 3055">
    <p class='ocr_par' dir='ltr' id='par_1_7' title="bbox 55 3037 238 3055">
     <span class='ocr_line' id='line_1_24' title="bbox 55 3037 238 3055; baseline 0 0"><span class='ocrx_word' id='word_1_151' title='bbox 55 3037 238 3055; x_wconf 45' lang='grc' dir='ltr'>Ἢ</span> 
     </span>
    </p>
   </div>
   <div class='ocr_carea' id='block_1_7' title="bbox 9 3110 1186 4019">
    <p class='ocr_par' dir='ltr' id='par_1_8' title="bbox 9 3110 1186 4019">
     <span class='ocr_line' id='line_1_25' title="bbox 110 3110 1180 3182; baseline -0.007 -11"><span class='ocrx_word' id='word_1_152' title='bbox 110 3112 132 3178; x_wconf 68' lang='lat'>²)</span> <span class='ocrx_word' id='word_1_153' title='bbox 152 3113 265 3182; x_wconf 80' lang='lat' dir='ltr'>[Horum</span> <span class='ocrx_word' id='word_1_154' title='bbox 282 3119 409 3172; x_wconf 85' lang='lat' dir='ltr'>omnium</span> <span class='ocrx_word' id='word_1_155' title='bbox 431 3119 500 3172; x_wconf 86' lang='lat' dir='ltr'>nihil</span> <span class='ocrx_word' id='word_1_156' title='bbox 517 3119 683 3172; x_wconf 79' lang='lat' dir='ltr'>servandum</span> <span class='ocrx_word' id='word_1_157' title='bbox 700 3134 760 3171; x_wconf 89' lang='lat' dir='ltr'>esse</span> <span class='ocrx_word' id='word_1_158' title='bbox 777 3113 1015 3182; x_wconf 78' lang='lat' dir='ltr'>Bernhardyus</span> <span class='ocrx_word' id='word_1_159' title='bbox 1037 3111 1107 3165; x_wconf 74' lang='lat' dir='ltr'>nist.</span> <span class='ocrx_word' id='word_1_160' title='bbox 1127 3110 1180 3164; x_wconf 73' lang='lat' dir='ltr'>nti.</span> 
     </span>
     <span class='ocr_line' id='line_1_26' title="bbox 54 3203 1181 3280; baseline -0.009 -14"><span class='ocrx_word' id='word_1_161' title='bbox 54 3215 88 3266; x_wconf 68' lang='lat'>8¹-</span> <span class='ocrx_word' id='word_1_162' title='bbox 105 3203 135 3267; x_wconf 71' lang='grc' dir='ltr'>Π,</span> <span class='ocrx_word' id='word_1_163' title='bbox 151 3213 165 3258; x_wconf 78' lang='lat'>2</span> <span class='ocrx_word' id='word_1_164' title='bbox 181 3225 207 3276; x_wconf 88' lang='lat' dir='ltr'>p.</span> <span class='ocrx_word' id='word_1_165' title='bbox 232 3215 281 3266; x_wconf 75' lang='lat'>262</span> <span class='ocrx_word' id='word_1_166' title='bbox 305 3211 353 3276; x_wconf 83' lang='lat' dir='ltr'>(ed</span> <span class='ocrx_word' id='word_1_167' title='bbox 370 3213 433 3280; x_wconf 76' lang='lat' dir='ltr'>alt.)</span> <span class='ocrx_word' id='word_1_168' title='bbox 457 3211 511 3264; x_wconf 87' lang='lat' dir='ltr'>sibi</span> <span class='ocrx_word' id='word_1_169' title='bbox 527 3211 666 3280; x_wconf 73' lang='lat' dir='ltr'>persuasit</span> <span class='ocrx_word' id='word_1_170' title='bbox 682 3212 795 3278; x_wconf 79' lang='lat' dir='ltr'>praeter</span> <span class='ocrx_word' id='word_1_171' title='bbox 808 3209 889 3262; x_wconf 83' lang='lat' dir='ltr'>heeo:</span> <span class='ocrx_word' id='word_1_172' title='bbox 910 3208 978 3272; x_wconf 84' lang='grc' dir='ltr'>Ἐγὼ</span> <span class='ocrx_word' id='word_1_173' title='bbox 993 3209 1023 3259; x_wconf 82' lang='grc' dir='ltr'>δὲ</span> <span class='ocrx_word' id='word_1_174' title='bbox 1040 3206 1133 3271; x_wconf 85' lang='grc' dir='ltr'>χώρας</span> <span class='ocrx_word' id='word_1_175' title='bbox 1151 3233 1181 3242; x_wconf 91' lang='grc'>-</span> 
     </span>
     <span class='ocr_line' id='line_1_27' title="bbox 9 3292 1183 3369; baseline 0.003 -26"><span class='ocrx_word' id='word_1_176' title='bbox 9 3357 12 3362; x_wconf 14' lang='grc' dir='ltr'><strong>Α</strong></span> <span class='ocrx_word' id='word_1_177' title='bbox 54 3292 209 3366; x_wconf 83' lang='grc' dir='ltr'>ἐπιτκόποις,</span> <span class='ocrx_word' id='word_1_178' title='bbox 239 3303 275 3356; x_wconf 84' lang='grc' dir='ltr'>Εὖ</span> <span class='ocrx_word' id='word_1_179' title='bbox 299 3306 506 3369; x_wconf 84' lang='grc' dir='ltr'>ξυντυχόντων</span> <span class='ocrx_word' id='word_1_180' title='bbox 529 3307 575 3356; x_wconf 83' lang='grc' dir='ltr'>καῖ</span> <span class='ocrx_word' id='word_1_181' title='bbox 599 3306 710 3357; x_wconf 83' lang='grc' dir='ltr'>πόλεως</span> <span class='ocrx_word' id='word_1_182' title='bbox 733 3303 916 3368; x_wconf 84' lang='grc' dir='ltr'>ςεςωςμένης,</span> <span class='ocrx_word' id='word_1_183' title='bbox 940 3299 1039 3364; x_wconf 83' lang='grc' dir='ltr'>(πέψω</span> <span class='ocrx_word' id='word_1_184' title='bbox 1060 3301 1183 3363; x_wconf 87' lang='grc' dir='ltr'>τροπαῖα</span> 
     </span>
     <span class='ocr_line' id='line_1_28' title="bbox 55 3386 1182 3463; baseline 0.003 -28"><span class='ocrx_word' id='word_1_185' title='bbox 55 3389 183 3452; x_wconf 75' lang='grc' dir='ltr'>πολεμίων</span> <span class='ocrx_word' id='word_1_186' title='bbox 200 3395 353 3463; x_wconf 83' lang='grc' dir='ltr'>ἑςθὴματα,</span> <span class='ocrx_word' id='word_1_187' title='bbox 373 3397 494 3462; x_wconf 88' lang='grc' dir='ltr'>Λάφυρα</span> <span class='ocrx_word' id='word_1_188' title='bbox 512 3395 600 3448; x_wconf 82' lang='grc' dir='ltr'>δαίων</span> <span class='ocrx_word' id='word_1_189' title='bbox 623 3395 791 3462; x_wconf 83' lang='grc' dir='ltr'>δουρίπηχ6’</span> <span class='ocrx_word' id='word_1_190' title='bbox 809 3397 904 3457; x_wconf 80' lang='grc' dir='ltr'>ἁγνοῖς</span> <span class='ocrx_word' id='word_1_191' title='bbox 923 3393 1031 3456; x_wconf 83' lang='grc' dir='ltr'>δόμοις;</span> <span class='ocrx_word' id='word_1_192' title='bbox 1063 3405 1119 3440; x_wconf 86' lang='lat' dir='ltr'>non</span> <span class='ocrx_word' id='word_1_193' title='bbox 1136 3386 1182 3438; x_wconf 88' lang='lat' dir='ltr'>ille</span> 
     </span>
     <span class='ocr_line' id='line_1_29' title="bbox 55 3477 1184 3556; baseline -0.002 -24"><span class='ocrx_word' id='word_1_194' title='bbox 55 3477 160 3536; x_wconf 83' lang='lat' dir='ltr'>offensus</span> <span class='ocrx_word' id='word_1_195' title='bbox 189 3487 271 3541; x_wconf 77' lang='lat' dir='ltr'>valde</span> <span class='ocrx_word' id='word_1_196' title='bbox 299 3488 441 3556; x_wconf 82' lang='lat' dir='ltr'>languide</span> <span class='ocrx_word' id='word_1_197' title='bbox 471 3487 616 3554; x_wconf 81' lang='grc' dir='ltr'>πολεμίων</span> <span class='ocrx_word' id='word_1_198' title='bbox 645 3491 672 3540; x_wconf 83' lang='lat' dir='ltr'>et</span> <span class='ocrx_word' id='word_1_199' title='bbox 695 3489 772 3554; x_wconf 78' lang='grc' dir='ltr'>δᾴων</span> <span class='ocrx_word' id='word_1_200' title='bbox 797 3484 917 3538; x_wconf 72' lang='lat' dir='ltr'>notionis</span> <span class='ocrx_word' id='word_1_201' title='bbox 944 3481 1118 3550; x_wconf 78' lang='lat' dir='ltr'>repetitione.</span> <span class='ocrx_word' id='word_1_202' title='bbox 1152 3509 1184 3515; x_wconf 94' lang='lat'><em>-</em></span> 
     </span>
     <span class='ocr_line' id='line_1_30' title="bbox 55 3567 1185 3648; baseline -0.007 -19"><span class='ocrx_word' id='word_1_203' title='bbox 55 3567 146 3628; x_wconf 72' lang='lat' dir='ltr'>Maiore</span> <span class='ocrx_word' id='word_1_204' title='bbox 162 3579 274 3633; x_wconf 81' lang='lat' dir='ltr'>molitus</span> <span class='ocrx_word' id='word_1_205' title='bbox 292 3579 430 3634; x_wconf 73' lang='lat' dir='ltr'>editionis</span> <span class='ocrx_word' id='word_1_206' title='bbox 449 3596 515 3632; x_wconf 77' lang='lat' dir='ltr'>suae</span> <span class='ocrx_word' id='word_1_207' title='bbox 534 3597 560 3648; x_wconf 90' lang='lat' dir='ltr'>p.</span> <span class='ocrx_word' id='word_1_208' title='bbox 582 3585 614 3633; x_wconf 75' lang='lat'>32</span> <span class='ocrx_word' id='word_1_209' title='bbox 634 3594 673 3644; x_wconf 88' lang='lat' dir='ltr'>sq.</span> <span class='ocrx_word' id='word_1_210' title='bbox 689 3577 831 3631; x_wconf 86' lang='lat' dir='ltr'>Weilius</span> <span class='ocrx_word' id='word_1_211' title='bbox 849 3593 946 3630; x_wconf 84' lang='lat' dir='ltr'>vereor</span> <span class='ocrx_word' id='word_1_212' title='bbox 964 3575 995 3626; x_wconf 80' lang='lat' dir='ltr'>ut</span> <span class='ocrx_word' id='word_1_213' title='bbox 1012 3571 1105 3625; x_wconf 69' lang='lat' dir='ltr'>multis</span> <span class='ocrx_word' id='word_1_214' title='bbox 1124 3586 1185 3638; x_wconf 87' lang='lat' dir='ltr'>per-</span> 
     </span>
     <span class='ocr_line' id='line_1_31' title="bbox 55 3662 1186 3726; baseline -0.004 -8"><span class='ocrx_word' id='word_1_215' title='bbox 55 3679 169 3722; x_wconf 66' lang='lat' dir='ltr'>suasurus</span> <span class='ocrx_word' id='word_1_216' title='bbox 187 3673 231 3725; x_wconf 73' lang='lat' dir='ltr'>sit.</span> <span class='ocrx_word' id='word_1_217' title='bbox 268 3673 328 3726; x_wconf 88' lang='lat' dir='ltr'>Neo</span> <span class='ocrx_word' id='word_1_218' title='bbox 346 3672 433 3726; x_wconf 79' lang='lat' dir='ltr'>aliter</span> <span class='ocrx_word' id='word_1_219' title='bbox 457 3671 492 3724; x_wconf 85' lang='lat' dir='ltr'>de</span> <span class='ocrx_word' id='word_1_220' title='bbox 513 3671 600 3724; x_wconf 78' lang='lat' dir='ltr'>Maur.</span> <span class='ocrx_word' id='word_1_221' title='bbox 623 3667 807 3722; x_wconf 72' lang='lat' dir='ltr'>Schmidtii</span> <span class='ocrx_word' id='word_1_222' title='bbox 830 3665 993 3721; x_wconf 87' lang='lat' dir='ltr'>coniecturis</span> <span class='ocrx_word' id='word_1_223' title='bbox 1011 3662 1186 3718; x_wconf 76' lang='lat' dir='ltr'>sentiendum</span> 
     </span>
     <span class='ocr_line' id='line_1_32' title="bbox 55 3751 1185 3830; baseline -0.004 -23"><span class='ocrx_word' id='word_1_224' title='bbox 55 3753 149 3812; x_wconf 83' lang='lat' dir='ltr'>videtur</span> <span class='ocrx_word' id='word_1_225' title='bbox 178 3763 213 3816; x_wconf 82' lang='lat' dir='ltr'>ed</span> <span class='ocrx_word' id='word_1_226' title='bbox 244 3783 269 3817; x_wconf 87' lang='lat' dir='ltr'>v.</span> <span class='ocrx_word' id='word_1_227' title='bbox 298 3769 448 3819; x_wconf 66' lang='lat' dir='ltr'>sss-256.</span> <span class='ocrx_word' id='word_1_228' title='bbox 482 3768 533 3816; x_wconf 77' lang='lat'>265</span> <span class='ocrx_word' id='word_1_229' title='bbox 563 3760 766 3830; x_wconf 72' lang='lat' dir='ltr'>spectantibus,</span> <span class='ocrx_word' id='word_1_230' title='bbox 802 3777 870 3826; x_wconf 84' lang='lat' dir='ltr'>ques</span> <span class='ocrx_word' id='word_1_231' title='bbox 902 3758 1007 3810; x_wconf 81' lang='lat' dir='ltr'>Diome</span> <span class='ocrx_word' id='word_1_232' title='bbox 1034 3751 1185 3823; x_wconf 78' lang='lat' dir='ltr'>gymnasiis</span> 
     </span>
     <span class='ocr_line' id='line_1_33' title="bbox 56 3843 1184 3922; baseline -0.01 -18"><span class='ocrx_word' id='word_1_233' title='bbox 56 3845 190 3906; x_wconf 65' lang='lat' dir='ltr'>nustriacis</span> <span class='ocrx_word' id='word_1_234' title='bbox 209 3856 354 3912; x_wconf 76' lang='lat' dir='ltr'>destinata</span> <span class='ocrx_word' id='word_1_235' title='bbox 372 3859 393 3910; x_wconf 80' lang='lat' dir='ltr'>t.</span> <span class='ocrx_word' id='word_1_236' title='bbox 414 3855 479 3908; x_wconf 86' lang='lat' dir='ltr'>XVI</span> <span class='ocrx_word' id='word_1_237' title='bbox 498 3857 587 3921; x_wconf 80' lang='grc'>(1866)</span> <span class='ocrx_word' id='word_1_238' title='bbox 605 3871 632 3922; x_wconf 87' lang='lat' dir='ltr'>p.</span> <span class='ocrx_word' id='word_1_239' title='bbox 653 3860 701 3908; x_wconf 72' lang='lat'>572</span> <span class='ocrx_word' id='word_1_240' title='bbox 720 3852 864 3907; x_wconf 74' lang='lat' dir='ltr'>exhibent:</span> <span class='ocrx_word' id='word_1_241' title='bbox 883 3867 936 3918; x_wconf 90' lang='lat' dir='ltr'>quo</span> <span class='ocrx_word' id='word_1_242' title='bbox 955 3849 1027 3902; x_wconf 79' lang='lat' dir='ltr'>adde</span> <span class='ocrx_word' id='word_1_243' title='bbox 1045 3846 1113 3899; x_wconf 86' lang='lat' dir='ltr'>Mus.</span> <span class='ocrx_word' id='word_1_244' title='bbox 1133 3843 1184 3894; x_wconf 84' lang='lat' dir='ltr'>Rh.</span> 
     </span>
     <span class='ocr_line' id='line_1_34' title="bbox 55 3935 345 4019; baseline 0.052 -31"><span class='ocrx_word' id='word_1_245' title='bbox 55 3935 107 3992; x_wconf 81' lang='lat' dir='ltr'>XIX</span> <span class='ocrx_word' id='word_1_246' title='bbox 124 3951 207 4014; x_wconf 75' lang='lat'>(1864)</span> <span class='ocrx_word' id='word_1_247' title='bbox 225 3967 253 4018; x_wconf 88' lang='lat' dir='ltr'>p.</span> <span class='ocrx_word' id='word_1_248' title='bbox 273 3952 345 4019; x_wconf 69' lang='grc'>626]</span> 
     </span>
    </p>
   </div>
   <div class='ocr_carea' id='block_1_8' title="bbox 469 4127 771 4138">
    <p class='ocr_par' dir='ltr' id='par_1_9' title="bbox 469 4127 771 4138">
     <span class='ocr_line' id='line_1_35' title="bbox 469 4127 771 4138; baseline 0 -2"><span class='ocrx_word' id='word_1_249' title='bbox 469 4127 771 4138; x_wconf 72' lang='grc'>--.-----.</span> 
     </span>
    </p>
   </div>
   <div class='ocr_carea' id='block_1_9' title="bbox 0 0 1478 5134">
    <p class='ocr_par' dir='ltr' id='par_1_10' title="bbox 0 0 1478 5134">
     <span class='ocr_line' id='line_1_36' title="bbox 0 0 1478 5134; baseline 0 0"><span class='ocrx_word' id='word_1_250' title='bbox 0 0 1478 5134; x_wconf 95' lang='lat' dir='ltr'> </span> 
     </span>
    </p>
   </div>
  </div>
 </body>
</html>
