<?xml version="1.0" encoding="UTF-8"?>
<!DOCTYPE html PUBLIC "-//W3C//DTD XHTML 1.0 Transitional//EN"
    "http://www.w3.org/TR/xhtml1/DTD/xhtml1-transitional.dtd">
<html xmlns="http://www.w3.org/1999/xhtml" xml:lang="en" lang="en">
 <head>
  <title>
</title>
<meta http-equiv="Content-Type" content="text/html;charset=utf-8" />
  <meta name='ocr-system' content='tesseract 3.04.00' />
  <meta name='ocr-capabilities' content='ocr_page ocr_carea ocr_par ocr_line ocrx_word'/>
</head>
<body>
  <div class='ocr_page' id='page_1' title='image "./fridericiritsch04ritsgoog_0795.png"; bbox 0 0 3052 5136; ppageno 0'>
   <div class='ocr_carea' id='block_1_1' title="bbox 316 323 1164 388">
    <p class='ocr_par' dir='ltr' id='par_1_1' title="bbox 316 323 1164 388">
     <span class='ocr_line' id='line_1_1' title="bbox 316 323 1164 388; baseline 0.001 -1"><span class='ocrx_word' id='word_1_1' title='bbox 316 323 377 388; x_wconf 71' lang='lat' dir='ltr'>luo</span> <span class='ocrx_word' id='word_1_2' title='bbox 596 337 628 386; x_wconf 84' lang='lat' dir='ltr'>u.</span> <span class='ocrx_word' id='word_1_3' title='bbox 654 335 835 388; x_wconf 80' lang='lat' dir='ltr'>rmnuanru</span> <span class='ocrx_word' id='word_1_4' title='bbox 861 341 906 387; x_wconf 84' lang='lat' dir='ltr'>nn</span> <span class='ocrx_word' id='word_1_5' title='bbox 930 342 961 388; x_wconf 81' lang='lat' dir='ltr'>x.</span> <span class='ocrx_word' id='word_1_6' title='bbox 987 335 1017 388; x_wconf 76' lang='lat' dir='ltr'>r.</span> <span class='ocrx_word' id='word_1_7' title='bbox 1041 337 1164 388; x_wconf 67' lang='lat' dir='ltr'>runnu</span> 
     </span>
    </p>
   </div>
   <div class='ocr_carea' id='block_1_2' title="bbox 314 492 1428 1458">
    <p class='ocr_par' dir='ltr' id='par_1_2' title="bbox 315 492 1428 1129">
     <span class='ocr_line' id='line_1_2' title="bbox 399 492 1426 579; baseline -0.001 -23"><span class='ocrx_word' id='word_1_8' title='bbox 399 492 435 556; x_wconf 89' lang='lat' dir='ltr'>P.</span> <span class='ocrx_word' id='word_1_9' title='bbox 463 495 511 556; x_wconf 84' lang='lat'>13.</span> <span class='ocrx_word' id='word_1_10' title='bbox 552 492 590 557; x_wconf 91' lang='lat' dir='ltr'>ln</span> <span class='ocrx_word' id='word_1_11' title='bbox 614 493 844 579; x_wconf 84' lang='lat' dir='ltr'>epigrammate</span> <span class='ocrx_word' id='word_1_12' title='bbox 852 545 860 577; x_wconf 90' lang='lat'>,</span> <span class='ocrx_word' id='word_1_13' title='bbox 884 493 966 577; x_wconf 90' lang='lat' dir='ltr'>quod</span> <span class='ocrx_word' id='word_1_14' title='bbox 990 516 1006 558; x_wconf 89' lang='lat' dir='ltr'>e</span> <span class='ocrx_word' id='word_1_15' title='bbox 1029 492 1230 558; x_wconf 81' lang='lat' dir='ltr'>Bibliotheca</span> <span class='ocrx_word' id='word_1_16' title='bbox 1247 493 1426 578; x_wconf 79' lang='lat' dir='ltr'>Gottingensi</span> 
     </span>
     <span class='ocr_line' id='line_1_3' title="bbox 315 603 1428 688; baseline 0.002 -24"><span class='ocrx_word' id='word_1_17' title='bbox 315 603 449 686; x_wconf 88' lang='lat' dir='ltr'>profers,</span> <span class='ocrx_word' id='word_1_18' title='bbox 473 603 621 686; x_wconf 85' lang='lat' dir='ltr'>displicet</span> <span class='ocrx_word' id='word_1_19' title='bbox 649 627 726 668; x_wconf 85' lang='lat' dir='ltr'>sane</span> <span class='ocrx_word' id='word_1_20' title='bbox 754 605 920 668; x_wconf 76' lang='lat' dir='ltr'><strong>articulus:</strong></span> <span class='ocrx_word' id='word_1_21' title='bbox 955 604 1079 668; x_wconf 86' lang='lat' dir='ltr'>videtur</span> <span class='ocrx_word' id='word_1_22' title='bbox 1109 607 1219 668; x_wconf 88' lang='lat' dir='ltr'>tamen</span> <span class='ocrx_word' id='word_1_23' title='bbox 1247 604 1321 667; x_wconf 82' lang='lat' dir='ltr'>ferri</span> <span class='ocrx_word' id='word_1_24' title='bbox 1347 625 1428 688; x_wconf 66' lang='lat' dir='ltr'>posse.</span> 
     </span>
     <span class='ocr_line' id='line_1_4' title="bbox 315 713 1428 799; baseline 0.001 -24"><span class='ocrx_word' id='word_1_25' title='bbox 315 713 399 775; x_wconf 85' lang='lat' dir='ltr'>Nam</span> <span class='ocrx_word' id='word_1_26' title='bbox 422 715 581 792; x_wconf 78' lang='lat' dir='ltr'>&#39;Aoicrwv&#39;</span> <span class='ocrx_word' id='word_1_27' title='bbox 603 717 639 778; x_wconf 90' lang='lat' dir='ltr'>ut</span> <span class='ocrx_word' id='word_1_28' title='bbox 660 719 746 778; x_wconf 88' lang='lat' dir='ltr'>recte</span> <span class='ocrx_word' id='word_1_29' title='bbox 769 715 971 778; x_wconf 89' lang='lat' dir='ltr'>emendatum</span> <span class='ocrx_word' id='word_1_30' title='bbox 994 735 1062 778; x_wconf 86' lang='lat' dir='ltr'>esse</span> <span class='ocrx_word' id='word_1_31' title='bbox 1084 715 1125 778; x_wconf 89' lang='lat' dir='ltr'>ab</span> <span class='ocrx_word' id='word_1_32' title='bbox 1141 713 1270 799; x_wconf 81' lang='lat' dir='ltr'>Heynio</span> <span class='ocrx_word' id='word_1_33' title='bbox 1284 715 1357 777; x_wconf 91' lang='lat' dir='ltr'>mihi</span> <span class='ocrx_word' id='word_1_34' title='bbox 1376 737 1428 798; x_wconf 85' lang='lat' dir='ltr'>per·</span> 
     </span>
     <span class='ocr_line' id='line_1_5' title="bbox 315 823 1428 907; baseline 0 -21"><span class='ocrx_word' id='word_1_35' title='bbox 315 823 482 907; x_wconf 83' lang='lat' dir='ltr'>suadeam,</span> <span class='ocrx_word' id='word_1_36' title='bbox 507 824 699 906; x_wconf 84' lang='lat' dir='ltr'>praecedens</span> <span class='ocrx_word' id='word_1_37' title='bbox 722 824 882 888; x_wconf 86' lang='lat' dir='ltr'>distichon</span> <span class='ocrx_word' id='word_1_38' title='bbox 905 825 994 888; x_wconf 89' lang='lat' dir='ltr'>facit.</span> <span class='ocrx_word' id='word_1_39' title='bbox 1040 823 1124 888; x_wconf 88' lang='lat' dir='ltr'>Nam</span> <span class='ocrx_word' id='word_1_40' title='bbox 1146 829 1182 887; x_wconf 87' lang='lat' dir='ltr'>ut</span> <span class='ocrx_word' id='word_1_41' title='bbox 1212 824 1315 888; x_wconf 91' lang='lat' dir='ltr'>omitti</span> <span class='ocrx_word' id='word_1_42' title='bbox 1336 846 1428 887; x_wconf 83' lang='lat' dir='ltr'>nomeu</span> 
     </span>
     <span class='ocr_line' id='line_1_6' title="bbox 315 934 1427 1019; baseline -0.001 -23"><span class='ocrx_word' id='word_1_43' title='bbox 315 934 416 1016; x_wconf 84' lang='lat' dir='ltr'>possit</span> <span class='ocrx_word' id='word_1_44' title='bbox 438 935 472 997; x_wconf 92' lang='lat' dir='ltr'>in</span> <span class='ocrx_word' id='word_1_45' title='bbox 493 934 552 997; x_wconf 91' lang='lat' dir='ltr'>tali</span> <span class='ocrx_word' id='word_1_46' title='bbox 575 935 817 1018; x_wconf 78' lang='lat' dir='ltr'>epigrammate,</span> <span class='ocrx_word' id='word_1_47' title='bbox 847 956 912 998; x_wconf 89' lang='lat' dir='ltr'>non</span> <span class='ocrx_word' id='word_1_48' title='bbox 935 934 1054 1017; x_wconf 85' lang='lat' dir='ltr'>poterit</span> <span class='ocrx_word' id='word_1_49' title='bbox 1077 937 1162 998; x_wconf 84' lang='lat' dir='ltr'>certe</span> <span class='ocrx_word' id='word_1_50' title='bbox 1185 934 1244 998; x_wconf 87' lang='lat' dir='ltr'>tali</span> <span class='ocrx_word' id='word_1_51' title='bbox 1266 956 1427 1019; x_wconf 80' lang='lat' dir='ltr'>praegressa</span> 
     </span>
     <span class='ocr_line' id='line_1_7' title="bbox 316 1045 579 1129; baseline 0.008 -23"><span class='ocrx_word' id='word_1_52' title='bbox 316 1045 579 1129; x_wconf 76' lang='lat' dir='ltr'>interrogatione.</span> 
     </span>
    </p>

    <p class='ocr_par' dir='ltr' id='par_1_3' title="bbox 314 1153 1428 1458">
     <span class='ocr_line' id='line_1_8' title="bbox 399 1153 1427 1240; baseline -0.002 -22"><span class='ocrx_word' id='word_1_53' title='bbox 399 1154 435 1218; x_wconf 91' lang='lat' dir='ltr'>P.</span> <span class='ocrx_word' id='word_1_54' title='bbox 459 1156 510 1218; x_wconf 77' lang='lat'>20.</span> <span class='ocrx_word' id='word_1_55' title='bbox 540 1153 641 1230; x_wconf 79' lang='lat' dir='ltr'>Quem</span> <span class='ocrx_word' id='word_1_56' title='bbox 663 1177 782 1240; x_wconf 83' lang='lat' dir='ltr'>magno</span> <span class='ocrx_word' id='word_1_57' title='bbox 805 1158 922 1219; x_wconf 86' lang='lat' dir='ltr'>conatu</span> <span class='ocrx_word' id='word_1_58' title='bbox 949 1159 1068 1237; x_wconf 81' lang='lat' dir='ltr'>lentas,</span> <span class='ocrx_word' id='word_1_59' title='bbox 1092 1155 1253 1238; x_wconf 85' lang='lat' dir='ltr'>Solonem,</span> <span class='ocrx_word' id='word_1_60' title='bbox 1277 1155 1359 1218; x_wconf 87' lang='lat' dir='ltr'>nulla</span> <span class='ocrx_word' id='word_1_61' title='bbox 1378 1177 1427 1217; x_wconf 85' lang='lat' dir='ltr'>ruu-</span> 
     </span>
     <span class='ocr_line' id='line_1_9' title="bbox 314 1265 1428 1349; baseline -0.001 -23"><span class='ocrx_word' id='word_1_62' title='bbox 314 1269 384 1328; x_wconf 87' lang='lat' dir='ltr'>tata</span> <span class='ocrx_word' id='word_1_63' title='bbox 406 1265 513 1328; x_wconf 83' lang='lat' dir='ltr'>littera</span> <span class='ocrx_word' id='word_1_64' title='bbox 536 1267 581 1328; x_wconf 91' lang='lat' dir='ltr'>sic</span> <span class='ocrx_word' id='word_1_65' title='bbox 604 1270 731 1348; x_wconf 87' lang='lat' dir='ltr'>poteras</span> <span class='ocrx_word' id='word_1_66' title='bbox 754 1265 933 1348; x_wconf 88' lang='lat' dir='ltr'>emendare,</span> <span class='ocrx_word' id='word_1_67' title='bbox 964 1271 1000 1328; x_wconf 92' lang='lat' dir='ltr'>ut</span> <span class='ocrx_word' id='word_1_68' title='bbox 1021 1265 1150 1349; x_wconf 84' lang='lat' dir='ltr'>gravior</span> <span class='ocrx_word' id='word_1_69' title='bbox 1172 1265 1280 1349; x_wconf 85' lang='lat' dir='ltr'>etiam,</span> <span class='ocrx_word' id='word_1_70' title='bbox 1302 1287 1385 1349; x_wconf 84' lang='lat' dir='ltr'>quam</span> <span class='ocrx_word' id='word_1_71' title='bbox 1403 1265 1428 1325; x_wconf 86' lang='lat' dir='ltr'>in</span> 
     </span>
     <span class='ocr_line' id='line_1_10' title="bbox 315 1375 928 1458; baseline 0.003 -21"><span class='ocrx_word' id='word_1_72' title='bbox 315 1376 447 1458; x_wconf 84' lang='lat' dir='ltr'>vulgata</span> <span class='ocrx_word' id='word_1_73' title='bbox 469 1375 622 1457; x_wconf 84' lang='lat' dir='ltr'>lectione,</span> <span class='ocrx_word' id='word_1_74' title='bbox 647 1375 808 1439; x_wconf 86' lang='lat' dir='ltr'>sententia</span> <span class='ocrx_word' id='word_1_75' title='bbox 831 1380 928 1439; x_wconf 86' lang='lat' dir='ltr'>esset:</span> 
     </span>
    </p>
   </div>
   <div class='ocr_carea' id='block_1_3' title="bbox 465 1525 1219 1618">
    <p class='ocr_par' dir='ltr' id='par_1_4' title="bbox 465 1525 1219 1618">
     <span class='ocr_line' id='line_1_11' title="bbox 465 1525 1219 1618; baseline 0 -17"><span class='ocrx_word' id='word_1_76' title='bbox 465 1539 602 1602; x_wconf 68' lang='grc' dir='ltr'>Ἀττικὸς</span> <span class='ocrx_word' id='word_1_77' title='bbox 625 1536 722 1602; x_wconf 68' lang='grc' dir='ltr'>οὗτος</span> <span class='ocrx_word' id='word_1_78' title='bbox 744 1539 824 1618; x_wconf 85' lang='grc' dir='ltr'>ἀνὴρ</span> <span class='ocrx_word' id='word_1_79' title='bbox 848 1525 915 1602; x_wconf 82' lang='grc' dir='ltr'>τῶν</span> <span class='ocrx_word' id='word_1_80' title='bbox 938 1537 1219 1617; x_wconf 84' lang='grc' dir='ltr'>(αλαμιναφετῶν.</span> 
     </span>
    </p>
   </div>
   <div class='ocr_carea' id='block_1_4' title="bbox 265 1683 1501 4421">
    <p class='ocr_par' dir='ltr' id='par_1_5' title="bbox 315 1683 1432 1992">
     <span class='ocr_line' id='line_1_12' title="bbox 399 1683 1432 1790; baseline -0.004 -21"><span class='ocrx_word' id='word_1_81' title='bbox 399 1705 435 1768; x_wconf 89' lang='grc' dir='ltr'>Ρ.</span> <span class='ocrx_word' id='word_1_82' title='bbox 459 1707 510 1769; x_wconf 81' lang='grc'>24.</span> <span class='ocrx_word' id='word_1_83' title='bbox 535 1707 573 1769; x_wconf 88' lang='lat' dir='ltr'>Iu</span> <span class='ocrx_word' id='word_1_84' title='bbox 597 1683 748 1790; x_wconf 70' lang='lat' dir='ltr'>Aeschyli</span> <span class='ocrx_word' id='word_1_85' title='bbox 769 1707 954 1790; x_wconf 84' lang='lat' dir='ltr'>fragmento</span> <span class='ocrx_word' id='word_1_86' title='bbox 977 1707 1073 1769; x_wconf 87' lang='lat' dir='ltr'>verba</span> <span class='ocrx_word' id='word_1_87' title='bbox 1101 1707 1229 1785; x_wconf 82' lang='grc' dir='ltr'>ψαλμό(</span> <span class='ocrx_word' id='word_1_88' title='bbox 1251 1709 1284 1772; x_wconf 77' lang='grc' dir='ltr'>δ’</span> <span class='ocrx_word' id='word_1_89' title='bbox 1304 1706 1432 1770; x_wconf 78' lang='grc' dir='ltr'>ἀλαλάζει</span> 
     </span>
     <span class='ocr_line' id='line_1_13' title="bbox 315 1816 1432 1900; baseline -0.002 -23"><span class='ocrx_word' id='word_1_90' title='bbox 315 1838 353 1878; x_wconf 92' lang='lat' dir='ltr'>ex</span> <span class='ocrx_word' id='word_1_91' title='bbox 380 1817 581 1899; x_wconf 86' lang='lat' dir='ltr'>paroemiaco</span> <span class='ocrx_word' id='word_1_92' title='bbox 609 1838 676 1879; x_wconf 86' lang='lat' dir='ltr'>esse</span> <span class='ocrx_word' id='word_1_93' title='bbox 699 1817 862 1900; x_wconf 86' lang='lat' dir='ltr'>videntur,</span> <span class='ocrx_word' id='word_1_94' title='bbox 887 1837 989 1900; x_wconf 90' lang='lat' dir='ltr'>neque</span> <span class='ocrx_word' id='word_1_95' title='bbox 1021 1816 1194 1879; x_wconf 88' lang='lat' dir='ltr'>cohaerent</span> <span class='ocrx_word' id='word_1_96' title='bbox 1223 1837 1292 1879; x_wconf 89' lang='lat' dir='ltr'>cum</span> <span class='ocrx_word' id='word_1_97' title='bbox 1327 1835 1432 1898; x_wconf 84' lang='lat' dir='ltr'>praece·</span> 
     </span>
     <span class='ocr_line' id='line_1_14' title="bbox 315 1925 1185 1992; baseline 0 -4"><span class='ocrx_word' id='word_1_98' title='bbox 315 1925 473 1989; x_wconf 86' lang='lat' dir='ltr'>dentibus.</span> <span class='ocrx_word' id='word_1_99' title='bbox 498 1927 603 1989; x_wconf 87' lang='lat' dir='ltr'>Aliter</span> <span class='ocrx_word' id='word_1_100' title='bbox 625 1926 740 1990; x_wconf 81' lang='lat' dir='ltr'>Strabo</span> <span class='ocrx_word' id='word_1_101' title='bbox 764 1949 828 1989; x_wconf 90' lang='lat' dir='ltr'>non</span> <span class='ocrx_word' id='word_1_102' title='bbox 851 1929 901 1992; x_wconf 85' lang='grc' dir='ltr'>καὶ</span> <span class='ocrx_word' id='word_1_103' title='bbox 922 1928 1019 1992; x_wconf 77' lang='grc' dir='ltr'>πάλιν</span> <span class='ocrx_word' id='word_1_104' title='bbox 1043 1925 1185 1990; x_wconf 83' lang='lat' dir='ltr'>dixisset.</span> 
     </span>
    </p>

    <p class='ocr_par' dir='ltr' id='par_1_6' title="bbox 315 2035 1434 2340">
     <span class='ocr_line' id='line_1_15' title="bbox 399 2035 1434 2120; baseline -0.005 -22"><span class='ocrx_word' id='word_1_105' title='bbox 399 2035 435 2099; x_wconf 98' lang='lat' dir='ltr'>P.</span> <span class='ocrx_word' id='word_1_106' title='bbox 458 2037 511 2100; x_wconf 82' lang='lat'>25.</span> <span class='ocrx_word' id='word_1_107' title='bbox 551 2036 664 2099; x_wconf 88' lang='lat' dir='ltr'>Melius</span> <span class='ocrx_word' id='word_1_108' title='bbox 692 2037 776 2118; x_wconf 88' lang='lat' dir='ltr'>apud</span> <span class='ocrx_word' id='word_1_109' title='bbox 803 2035 952 2100; x_wconf 90' lang='lat' dir='ltr'>Photium</span> <span class='ocrx_word' id='word_1_110' title='bbox 980 2041 1206 2102; x_wconf 81' lang='grc' dir='ltr'>νεανικοῦντοε</span> <span class='ocrx_word' id='word_1_111' title='bbox 1235 2035 1363 2120; x_wconf 84' lang='lat' dir='ltr'>legitur,</span> <span class='ocrx_word' id='word_1_112' title='bbox 1387 2054 1434 2116; x_wconf 90' lang='lat' dir='ltr'>pro</span> 
     </span>
     <span class='ocr_line' id='line_1_16' title="bbox 315 2143 1434 2229; baseline -0.004 -21"><span class='ocrx_word' id='word_1_113' title='bbox 315 2167 386 2229; x_wconf 87' lang='lat' dir='ltr'>quo,</span> <span class='ocrx_word' id='word_1_114' title='bbox 411 2147 465 2229; x_wconf 90' lang='lat' dir='ltr'>qui</span> <span class='ocrx_word' id='word_1_115' title='bbox 488 2168 589 2229; x_wconf 88' lang='lat' dir='ltr'>nuper</span> <span class='ocrx_word' id='word_1_116' title='bbox 604 2169 623 2209; x_wconf 93' lang='lat' dir='ltr'>a</span> <span class='ocrx_word' id='word_1_117' title='bbox 639 2169 672 2210; x_wconf 87' lang='lat' dir='ltr'>se</span> <span class='ocrx_word' id='word_1_118' title='bbox 696 2146 833 2209; x_wconf 86' lang='lat' dir='ltr'>edendas</span> <span class='ocrx_word' id='word_1_119' title='bbox 856 2169 923 2210; x_wconf 87' lang='lat' dir='ltr'>esse</span> <span class='ocrx_word' id='word_1_120' title='bbox 946 2147 981 2209; x_wconf 92' lang='lat' dir='ltr'>in</span> <span class='ocrx_word' id='word_1_121' title='bbox 999 2146 1150 2210; x_wconf 91' lang='lat' dir='ltr'>Photium</span> <span class='ocrx_word' id='word_1_122' title='bbox 1164 2143 1434 2208; x_wconf 75' lang='lat' dir='ltr'>animadversiones</span> 
     </span>
     <span class='ocr_line' id='line_1_17' title="bbox 315 2256 1035 2340; baseline 0.004 -23"><span class='ocrx_word' id='word_1_123' title='bbox 315 2259 455 2338; x_wconf 82' lang='lat' dir='ltr'>putavit,</span> <span class='ocrx_word' id='word_1_124' title='bbox 480 2256 596 2320; x_wconf 77' lang='lat' dir='ltr'>Suidae</span> <span class='ocrx_word' id='word_1_125' title='bbox 619 2257 789 2320; x_wconf 87' lang='lat' dir='ltr'>lectionem</span> <span class='ocrx_word' id='word_1_126' title='bbox 810 2257 922 2340; x_wconf 90' lang='lat' dir='ltr'>reponi</span> <span class='ocrx_word' id='word_1_127' title='bbox 938 2256 1035 2320; x_wconf 86' lang='lat' dir='ltr'>iubet.</span> 
     </span>
    </p>

    <p class='ocr_par' dir='ltr' id='par_1_7' title="bbox 315 2362 1435 2999">
     <span class='ocr_line' id='line_1_18' title="bbox 400 2362 1433 2450; baseline -0.005 -22"><span class='ocrx_word' id='word_1_128' title='bbox 400 2366 435 2428; x_wconf 91' lang='lat' dir='ltr'>P.</span> <span class='ocrx_word' id='word_1_129' title='bbox 460 2367 511 2430; x_wconf 81' lang='lat'>26.</span> <span class='ocrx_word' id='word_1_130' title='bbox 557 2365 680 2430; x_wconf 87' lang='lat' dir='ltr'>Plinius</span> <span class='ocrx_word' id='word_1_131' title='bbox 703 2368 729 2429; x_wconf 89' lang='lat' dir='ltr'>si</span> <span class='ocrx_word' id='word_1_132' title='bbox 753 2389 817 2430; x_wconf 87' lang='lat' dir='ltr'>una</span> <span class='ocrx_word' id='word_1_133' title='bbox 838 2367 871 2429; x_wconf 91' lang='lat' dir='ltr'>in</span> <span class='ocrx_word' id='word_1_134' title='bbox 895 2367 1005 2429; x_wconf 85' lang='lat' dir='ltr'>tabula</span> <span class='ocrx_word' id='word_1_135' title='bbox 1027 2368 1130 2450; x_wconf 87' lang='lat' dir='ltr'>pictos</span> <span class='ocrx_word' id='word_1_136' title='bbox 1154 2365 1327 2430; x_wconf 85' lang='lat' dir='ltr'>Philiscum</span> <span class='ocrx_word' id='word_1_137' title='bbox 1347 2366 1374 2427; x_wconf 89' lang='lat' dir='ltr'>et</span> <span class='ocrx_word' id='word_1_138' title='bbox 1394 2362 1433 2424; x_wconf 86' lang='lat' dir='ltr'>hi·</span> 
     </span>
     <span class='ocr_line' id='line_1_19' title="bbox 316 2476 1433 2559; baseline -0.005 -22"><span class='ocrx_word' id='word_1_139' title='bbox 316 2476 424 2538; x_wconf 84' lang='lat' dir='ltr'>berum</span> <span class='ocrx_word' id='word_1_140' title='bbox 447 2481 572 2559; x_wconf 88' lang='lat' dir='ltr'>patrem</span> <span class='ocrx_word' id='word_1_141' title='bbox 595 2477 699 2540; x_wconf 88' lang='lat' dir='ltr'>dicere</span> <span class='ocrx_word' id='word_1_142' title='bbox 722 2476 888 2558; x_wconf 86' lang='lat' dir='ltr'>voluisset,</span> <span class='ocrx_word' id='word_1_143' title='bbox 918 2480 974 2540; x_wconf 88' lang='lat' dir='ltr'>aut</span> <span class='ocrx_word' id='word_1_144' title='bbox 1000 2476 1118 2539; x_wconf 84' lang='lat' dir='ltr'>diserte</span> <span class='ocrx_word' id='word_1_145' title='bbox 1141 2476 1202 2540; x_wconf 88' lang='lat' dir='ltr'>hoc</span> <span class='ocrx_word' id='word_1_146' title='bbox 1224 2476 1364 2554; x_wconf 84' lang='lat' dir='ltr'>dixisset,</span> <span class='ocrx_word' id='word_1_147' title='bbox 1389 2476 1433 2534; x_wconf 87' lang='lat' dir='ltr'>oul</span> 
     </span>
     <span class='ocr_line' id='line_1_20' title="bbox 317 2583 1435 2669; baseline -0.007 -21"><span class='ocrx_word' id='word_1_148' title='bbox 317 2591 513 2665; x_wconf 72' lang='lat' dir='ltr'>Liberumque</span> <span class='ocrx_word' id='word_1_149' title='bbox 535 2587 723 2669; x_wconf 87' lang='lat' dir='ltr'>scripsisset.</span> <span class='ocrx_word' id='word_1_150' title='bbox 770 2587 804 2651; x_wconf 84' lang='lat' dir='ltr'>Si</span> <span class='ocrx_word' id='word_1_151' title='bbox 827 2586 907 2650; x_wconf 72' lang='lat' dir='ltr'>(luae</span> <span class='ocrx_word' id='word_1_152' title='bbox 930 2586 1051 2650; x_wconf 85' lang='lat' dir='ltr'>fuerint</span> <span class='ocrx_word' id='word_1_153' title='bbox 1073 2586 1218 2668; x_wconf 87' lang='lat' dir='ltr'>tabulae,</span> <span class='ocrx_word' id='word_1_154' title='bbox 1248 2583 1354 2650; x_wconf 88' lang='lat' dir='ltr'>maiori</span> <span class='ocrx_word' id='word_1_155' title='bbox 1379 2583 1435 2643; x_wconf 77' lang='lat' dir='ltr'>iun·</span> 
     </span>
     <span class='ocr_line' id='line_1_21' title="bbox 315 2693 1433 2779; baseline -0.004 -19"><span class='ocrx_word' id='word_1_156' title='bbox 315 2696 424 2777; x_wconf 83' lang='lat' dir='ltr'>quaeri</span> <span class='ocrx_word' id='word_1_157' title='bbox 447 2718 538 2779; x_wconf 85' lang='lat' dir='ltr'>posse</span> <span class='ocrx_word' id='word_1_158' title='bbox 562 2697 623 2778; x_wconf 78' lang='lat' dir='ltr'>aiS,</span> <span class='ocrx_word' id='word_1_159' title='bbox 649 2719 704 2760; x_wconf 90' lang='lat' dir='ltr'>cur</span> <span class='ocrx_word' id='word_1_160' title='bbox 725 2695 837 2760; x_wconf 85' lang='lat' dir='ltr'>Virtus</span> <span class='ocrx_word' id='word_1_161' title='bbox 860 2696 969 2760; x_wconf 87' lang='lat' dir='ltr'>addita</span> <span class='ocrx_word' id='word_1_162' title='bbox 992 2696 1106 2758; x_wconf 87' lang='lat' dir='ltr'>Libero</span> <span class='ocrx_word' id='word_1_163' title='bbox 1135 2697 1220 2778; x_wconf 86' lang='lat' dir='ltr'>patri</span> <span class='ocrx_word' id='word_1_164' title='bbox 1244 2695 1346 2758; x_wconf 79' lang='lat' dir='ltr'>fuerit.</span> <span class='ocrx_word' id='word_1_165' title='bbox 1381 2693 1433 2754; x_wconf 79' lang='lat' dir='ltr'>Au</span> 
     </span>
     <span class='ocr_line' id='line_1_22' title="bbox 315 2801 1434 2887; baseline -0.003 -23"><span class='ocrx_word' id='word_1_166' title='bbox 315 2809 445 2887; x_wconf 87' lang='lat' dir='ltr'>propter</span> <span class='ocrx_word' id='word_1_167' title='bbox 470 2807 619 2869; x_wconf 81' lang='lat' dir='ltr'>virtutem</span> <span class='ocrx_word' id='word_1_168' title='bbox 647 2807 797 2869; x_wconf 82' lang='lat' dir='ltr'>bellicam</span> <span class='ocrx_word' id='word_1_169' title='bbox 819 2805 955 2887; x_wconf 88' lang='lat' dir='ltr'>Bacchi,</span> <span class='ocrx_word' id='word_1_170' title='bbox 986 2810 1041 2868; x_wconf 88' lang='lat' dir='ltr'>aut</span> <span class='ocrx_word' id='word_1_171' title='bbox 1071 2809 1107 2868; x_wconf 91' lang='lat' dir='ltr'>ut</span> <span class='ocrx_word' id='word_1_172' title='bbox 1134 2805 1343 2870; x_wconf 89' lang='lat' dir='ltr'>verecundum</span> <span class='ocrx_word' id='word_1_173' title='bbox 1370 2801 1434 2863; x_wconf 83' lang='lat' dir='ltr'>Bac-</span> 
     </span>
     <span class='ocr_line' id='line_1_23' title="bbox 317 2916 1360 2999; baseline -0.002 -23"><span class='ocrx_word' id='word_1_174' title='bbox 317 2916 409 2977; x_wconf 87' lang='lat' dir='ltr'>chum</span> <span class='ocrx_word' id='word_1_175' title='bbox 432 2916 618 2998; x_wconf 79' lang='lat' dir='ltr'>sanguineis</span> <span class='ocrx_word' id='word_1_176' title='bbox 641 2916 808 2999; x_wconf 89' lang='lat' dir='ltr'>prohibere</span> <span class='ocrx_word' id='word_1_177' title='bbox 830 2916 908 2979; x_wconf 82' lang='lat' dir='ltr'>rixis</span> <span class='ocrx_word' id='word_1_178' title='bbox 930 2919 1127 2999; x_wconf 80' lang='lat' dir='ltr'>spectatores</span> <span class='ocrx_word' id='word_1_179' title='bbox 1151 2919 1360 2978; x_wconf 83' lang='lat' dir='ltr'>monerentur.</span> 
     </span>
    </p>

    <p class='ocr_par' dir='ltr' id='par_1_8' title="bbox 315 3021 1501 3219">
     <span class='ocr_line' id='line_1_24' title="bbox 400 3021 1501 3108; baseline -0.007 -21"><span class='ocrx_word' id='word_1_180' title='bbox 400 3025 435 3086; x_wconf 93' lang='lat' dir='ltr'>P.</span> <span class='ocrx_word' id='word_1_181' title='bbox 460 3026 511 3088; x_wconf 75' lang='lat'>27.</span> <span class='ocrx_word' id='word_1_182' title='bbox 549 3025 705 3108; x_wconf 78' lang='lat' dir='ltr'>Philicus,</span> <span class='ocrx_word' id='word_1_183' title='bbox 729 3027 755 3090; x_wconf 90' lang='lat' dir='ltr'>si</span> <span class='ocrx_word' id='word_1_184' title='bbox 780 3027 807 3089; x_wconf 89' lang='lat' dir='ltr'>ei</span> <span class='ocrx_word' id='word_1_185' title='bbox 830 3026 970 3090; x_wconf 88' lang='lat' dir='ltr'>Philisco</span> <span class='ocrx_word' id='word_1_186' title='bbox 991 3046 1109 3089; x_wconf 85' lang='lat' dir='ltr'>nomen</span> <span class='ocrx_word' id='word_1_187' title='bbox 1132 3023 1205 3107; x_wconf 87' lang='lat' dir='ltr'>suit,</span> <span class='ocrx_word' id='word_1_188' title='bbox 1235 3024 1359 3106; x_wconf 85' lang='lat' dir='ltr'>neipse</span> <span class='ocrx_word' id='word_1_189' title='bbox 1379 3021 1435 3103; x_wconf 89' lang='lat' dir='ltr'>qui·</span> <span class='ocrx_word' id='word_1_190' title='bbox 1500 3037 1501 3044; x_wconf 54' lang='lat'>¹</span> 
     </span>
     <span class='ocr_line' id='line_1_25' title="bbox 315 3134 1079 3219; baseline 0.007 -24"><span class='ocrx_word' id='word_1_191' title='bbox 315 3134 386 3197; x_wconf 78' lang='lat' dir='ltr'>deni</span> <span class='ocrx_word' id='word_1_192' title='bbox 409 3157 442 3198; x_wconf 90' lang='lat' dir='ltr'>se</span> <span class='ocrx_word' id='word_1_193' title='bbox 464 3135 622 3199; x_wconf 91' lang='lat' dir='ltr'>Philicum</span> <span class='ocrx_word' id='word_1_194' title='bbox 644 3136 770 3200; x_wconf 80' lang='lat' dir='ltr'>videtur</span> <span class='ocrx_word' id='word_1_195' title='bbox 792 3158 905 3200; x_wconf 86' lang='lat' dir='ltr'>vocare</span> <span class='ocrx_word' id='word_1_196' title='bbox 927 3136 1079 3219; x_wconf 71' lang='lat' dir='ltr'>potuisse.</span> 
     </span>
    </p>

    <p class='ocr_par' dir='ltr' id='par_1_9' title="bbox 265 3238 1434 3549">
     <span class='ocr_line' id='line_1_26' title="bbox 265 3238 1434 3330; baseline -0.005 -23"><span class='ocrx_word' id='word_1_197' title='bbox 265 3251 291 3298; x_wconf 84' lang='lat' dir='ltr'>u</span> <span class='ocrx_word' id='word_1_198' title='bbox 400 3244 434 3306; x_wconf 95' lang='lat' dir='ltr'>P.</span> <span class='ocrx_word' id='word_1_199' title='bbox 459 3246 510 3308; x_wconf 91' lang='lat'>28.</span> <span class='ocrx_word' id='word_1_200' title='bbox 556 3245 594 3309; x_wconf 93' lang='lat' dir='ltr'>ln</span> <span class='ocrx_word' id='word_1_201' title='bbox 623 3247 725 3328; x_wconf 89' lang='lat' dir='ltr'>primo</span> <span class='ocrx_word' id='word_1_202' title='bbox 754 3246 941 3330; x_wconf 82' lang='lat' dir='ltr'>Sosiphanis</span> <span class='ocrx_word' id='word_1_203' title='bbox 969 3247 1153 3329; x_wconf 85' lang='lat' dir='ltr'>fragmento</span> <span class='ocrx_word' id='word_1_204' title='bbox 1180 3244 1280 3327; x_wconf 89' lang='lat' dir='ltr'>probo</span> <span class='ocrx_word' id='word_1_205' title='bbox 1308 3238 1434 3305; x_wconf 83' lang='lat' dir='ltr'>emendu-</span> 
     </span>
     <span class='ocr_line' id='line_1_27' title="bbox 316 3352 1433 3439; baseline -0.005 -23"><span class='ocrx_word' id='word_1_206' title='bbox 316 3354 446 3437; x_wconf 90' lang='lat' dir='ltr'>tionem,</span> <span class='ocrx_word' id='word_1_207' title='bbox 470 3378 565 3437; x_wconf 82' lang='lat' dir='ltr'>quani</span> <span class='ocrx_word' id='word_1_208' title='bbox 582 3357 677 3437; x_wconf 69' lang='lat' dir='ltr'>facis,</span> <span class='ocrx_word' id='word_1_209' title='bbox 700 3357 844 3439; x_wconf 89' lang='lat' dir='ltr'>improbo</span> <span class='ocrx_word' id='word_1_210' title='bbox 864 3355 1174 3438; x_wconf 88' lang='lat' dir='ltr'>interpunctionem,</span> <span class='ocrx_word' id='word_1_211' title='bbox 1198 3375 1279 3437; x_wconf 90' lang='lat' dir='ltr'>quae</span> <span class='ocrx_word' id='word_1_212' title='bbox 1302 3352 1375 3414; x_wconf 83' lang='lat' dir='ltr'>ferri</span> <span class='ocrx_word' id='word_1_213' title='bbox 1395 3371 1433 3411; x_wconf 73' lang='lat' dir='ltr'>ne</span> 
     </span>
     <span class='ocr_line' id='line_1_28' title="bbox 315 3465 980 3549; baseline 0.005 -23"><span class='ocrx_word' id='word_1_214' title='bbox 315 3465 393 3546; x_wconf 87' lang='lat' dir='ltr'>quit.</span> <span class='ocrx_word' id='word_1_215' title='bbox 439 3465 535 3549; x_wconf 83' lang='lat' dir='ltr'>Iungi</span> <span class='ocrx_word' id='word_1_216' title='bbox 558 3465 733 3548; x_wconf 85' lang='lat' dir='ltr'>debebant,</span> <span class='ocrx_word' id='word_1_217' title='bbox 758 3471 817 3531; x_wconf 83' lang='grc' dir='ltr'>νῦν</span> <span class='ocrx_word' id='word_1_218' title='bbox 840 3471 887 3531; x_wconf 81' lang='grc' dir='ltr'>δεῖ</span> <span class='ocrx_word' id='word_1_219' title='bbox 908 3467 980 3547; x_wconf 86' lang='grc' dir='ltr'>γάρ.</span> 
     </span>
    </p>

    <p class='ocr_par' dir='ltr' id='par_1_10' title="bbox 317 3569 1433 3766">
     <span class='ocr_line' id='line_1_29' title="bbox 401 3569 1433 3659; baseline -0.008 -21"><span class='ocrx_word' id='word_1_220' title='bbox 401 3575 436 3637; x_wconf 93' lang='lat' dir='ltr'>P.</span> <span class='ocrx_word' id='word_1_221' title='bbox 460 3577 511 3639; x_wconf 82' lang='lat'>30.</span> <span class='ocrx_word' id='word_1_222' title='bbox 554 3576 593 3638; x_wconf 92' lang='lat' dir='ltr'>In</span> <span class='ocrx_word' id='word_1_223' title='bbox 615 3598 723 3658; x_wconf 84' lang='lat' dir='ltr'>versu,</span> <span class='ocrx_word' id='word_1_224' title='bbox 748 3597 841 3659; x_wconf 89' lang='lat' dir='ltr'>quem</span> <span class='ocrx_word' id='word_1_225' title='bbox 864 3575 991 3639; x_wconf 85' lang='lat' dir='ltr'>Natalis</span> <span class='ocrx_word' id='word_1_226' title='bbox 1014 3574 1125 3640; x_wconf 81' lang='lat' dir='ltr'>Comes</span> <span class='ocrx_word' id='word_1_227' title='bbox 1148 3574 1257 3656; x_wconf 85' lang='lat' dir='ltr'>habet,</span> <span class='ocrx_word' id='word_1_228' title='bbox 1284 3569 1433 3655; x_wconf 83' lang='lat' dir='ltr'>legendum</span> 
     </span>
     <span class='ocr_line' id='line_1_30' title="bbox 317 3687 651 3766; baseline 0.015 -23"><span class='ocrx_word' id='word_1_229' title='bbox 317 3689 425 3766; x_wconf 88' lang='lat' dir='ltr'>putem</span> <span class='ocrx_word' id='word_1_230' title='bbox 448 3688 579 3764; x_wconf 87' lang='grc' dir='ltr'>καὶγὰρ</span> <span class='ocrx_word' id='word_1_231' title='bbox 603 3687 651 3750; x_wconf 86' lang='grc' dir='ltr'>οὐ,</span> 
     </span>
    </p>

    <p class='ocr_par' dir='ltr' id='par_1_11' title="bbox 317 3789 1433 4421">
     <span class='ocr_line' id='line_1_31' title="bbox 400 3789 1433 3878; baseline -0.004 -21"><span class='ocrx_word' id='word_1_232' title='bbox 400 3795 435 3858; x_wconf 89' lang='grc' dir='ltr'>Ρ.</span> <span class='ocrx_word' id='word_1_233' title='bbox 453 3797 504 3859; x_wconf 86' lang='lat'>31.</span> <span class='ocrx_word' id='word_1_234' title='bbox 528 3796 576 3858; x_wconf 86' lang='lat' dir='ltr'>De</span> <span class='ocrx_word' id='word_1_235' title='bbox 600 3796 764 3878; x_wconf 86' lang='lat' dir='ltr'>Marpessa</span> <span class='ocrx_word' id='word_1_236' title='bbox 780 3818 844 3859; x_wconf 91' lang='lat' dir='ltr'>non</span> <span class='ocrx_word' id='word_1_237' title='bbox 861 3796 952 3859; x_wconf 87' lang='lat' dir='ltr'>video</span> <span class='ocrx_word' id='word_1_238' title='bbox 967 3817 1028 3878; x_wconf 94' lang='lat' dir='ltr'>quo</span> <span class='ocrx_word' id='word_1_239' title='bbox 1044 3795 1111 3858; x_wconf 86' lang='lat' dir='ltr'>iure</span> <span class='ocrx_word' id='word_1_240' title='bbox 1127 3793 1179 3858; x_wconf 90' lang='lat' dir='ltr'>hic</span> <span class='ocrx_word' id='word_1_241' title='bbox 1196 3793 1358 3878; x_wconf 80' lang='lat' dir='ltr'>cogitaris,</span> <span class='ocrx_word' id='word_1_242' title='bbox 1379 3789 1433 3853; x_wconf 75' lang='lat' dir='ltr'>Nou</span> 
     </span>
     <span class='ocr_line' id='line_1_32' title="bbox 317 3904 1433 3989; baseline -0.004 -24"><span class='ocrx_word' id='word_1_243' title='bbox 317 3909 364 3966; x_wconf 83' lang='lat' dir='ltr'>est</span> <span class='ocrx_word' id='word_1_244' title='bbox 387 3905 607 3988; x_wconf 85' lang='lat' dir='ltr'>dubitandum,</span> <span class='ocrx_word' id='word_1_245' title='bbox 631 3907 708 3989; x_wconf 88' lang='lat' dir='ltr'>quin</span> <span class='ocrx_word' id='word_1_246' title='bbox 724 3906 919 3970; x_wconf 80' lang='lat' dir='ltr'>Alcestidem</span> <span class='ocrx_word' id='word_1_247' title='bbox 935 3905 1149 3968; x_wconf 88' lang='lat' dir='ltr'>nominaverit</span> <span class='ocrx_word' id='word_1_248' title='bbox 1168 3904 1340 3984; x_wconf 83' lang='lat' dir='ltr'>Maximus,</span> <span class='ocrx_word' id='word_1_249' title='bbox 1360 3919 1433 3984; x_wconf 82' lang='lat' dir='ltr'>quau</span> 
     </span>
     <span class='ocr_line' id='line_1_33' title="bbox 317 4009 1432 4098; baseline -0.001 -25"><span class='ocrx_word' id='word_1_250' title='bbox 317 4013 349 4074; x_wconf 94' lang='lat' dir='ltr'>in</span> <span class='ocrx_word' id='word_1_251' title='bbox 373 4015 433 4077; x_wconf 91' lang='lat' dir='ltr'>hoc</span> <span class='ocrx_word' id='word_1_252' title='bbox 456 4038 587 4079; x_wconf 90' lang='lat' dir='ltr'>recensu</span> <span class='ocrx_word' id='word_1_253' title='bbox 616 4015 669 4077; x_wconf 86' lang='lat' dir='ltr'>alii</span> <span class='ocrx_word' id='word_1_254' title='bbox 693 4039 816 4098; x_wconf 84' lang='lat' dir='ltr'>quoque</span> <span class='ocrx_word' id='word_1_255' title='bbox 839 4018 974 4098; x_wconf 88' lang='lat' dir='ltr'>ponunt.</span> <span class='ocrx_word' id='word_1_256' title='bbox 1020 4014 1080 4089; x_wconf 83' lang='lat' dir='ltr'>Qui</span> <span class='ocrx_word' id='word_1_257' title='bbox 1108 4013 1252 4096; x_wconf 85' lang='lat' dir='ltr'>eosdem,</span> <span class='ocrx_word' id='word_1_258' title='bbox 1282 4035 1359 4096; x_wconf 86' lang='lat' dir='ltr'>quas</span> <span class='ocrx_word' id='word_1_259' title='bbox 1384 4009 1432 4072; x_wconf 81' lang='lat' dir='ltr'>lla·</span> 
     </span>
     <span class='ocr_line' id='line_1_34' title="bbox 317 4121 1432 4208; baseline -0.004 -26"><span class='ocrx_word' id='word_1_260' title='bbox 317 4121 430 4205; x_wconf 70' lang='lat' dir='ltr'>ximuS,</span> <span class='ocrx_word' id='word_1_261' title='bbox 455 4126 601 4188; x_wconf 84' lang='lat' dir='ltr'>mulieres</span> <span class='ocrx_word' id='word_1_262' title='bbox 625 4129 798 4206; x_wconf 80' lang='lat' dir='ltr'>enumerat,</span> <span class='ocrx_word' id='word_1_263' title='bbox 823 4125 973 4208; x_wconf 81' lang='lat' dir='ltr'>Hyginus</span> <span class='ocrx_word' id='word_1_264' title='bbox 996 4125 1060 4187; x_wconf 85' lang='lat' dir='ltr'>l&#39;uh.</span> <span class='ocrx_word' id='word_1_265' title='bbox 1085 4123 1147 4187; x_wconf 76' lang='lat' dir='ltr'>25ss</span> <span class='ocrx_word' id='word_1_266' title='bbox 1162 4123 1337 4186; x_wconf 81' lang='lat' dir='ltr'>Theonoen</span> <span class='ocrx_word' id='word_1_267' title='bbox 1351 4128 1432 4182; x_wconf 80' lang='lat' dir='ltr'>rocol.</span> 
     </span>
     <span class='ocr_line' id='line_1_35' title="bbox 317 4229 1432 4318; baseline 0.004 -29"><span class='ocrx_word' id='word_1_268' title='bbox 317 4231 459 4294; x_wconf 78' lang='lat' dir='ltr'>caindeni</span> <span class='ocrx_word' id='word_1_269' title='bbox 482 4235 667 4318; x_wconf 71' lang='lat' dir='ltr'>intelligens</span> <span class='ocrx_word' id='word_1_270' title='bbox 692 4236 896 4298; x_wconf 77' lang='lat' dir='ltr'>Alcestidcm.</span> <span class='ocrx_word' id='word_1_271' title='bbox 921 4235 969 4297; x_wconf 83' lang='lat' dir='ltr'>&#39;Pu</span> <span class='ocrx_word' id='word_1_272' title='bbox 992 4234 1092 4316; x_wconf 82' lang='lat' dir='ltr'>igitur</span> <span class='ocrx_word' id='word_1_273' title='bbox 1114 4233 1217 4296; x_wconf 84' lang='lat' dir='ltr'>scribe</span> <span class='ocrx_word' id='word_1_274' title='bbox 1225 4282 1234 4313; x_wconf 90' lang='lat'>,</span> <span class='ocrx_word' id='word_1_275' title='bbox 1258 4236 1296 4310; x_wconf 83' lang='grc' dir='ltr'>ἠὲ</span> <span class='ocrx_word' id='word_1_276' title='bbox 1319 4233 1363 4296; x_wconf 82' lang='grc' dir='ltr'>καὶ</span> <span class='ocrx_word' id='word_1_277' title='bbox 1382 4229 1432 4288; x_wconf 70' lang='lat' dir='ltr'>&#39;hl-</span> 
     </span>
     <span class='ocr_line' id='line_1_36' title="bbox 317 4339 1431 4421; baseline -0.004 -16"><span class='ocrx_word' id='word_1_278' title='bbox 317 4342 426 4418; x_wconf 74' lang='grc' dir='ltr'>κήετη(</span> <span class='ocrx_word' id='word_1_279' title='bbox 449 4345 623 4421; x_wconf 60' lang='grc' dir='ltr'>ἐρικυδέο(ἵ</span> <span class='ocrx_word' id='word_1_280' title='bbox 648 4348 748 4407; x_wconf 83' lang='lat' dir='ltr'>l&#39;onuu</span> <span class='ocrx_word' id='word_1_281' title='bbox 774 4345 1004 4408; x_wconf 67' lang='lat' dir='ltr'>recentioribus</span> <span class='ocrx_word' id='word_1_282' title='bbox 1030 4343 1150 4406; x_wconf 86' lang='lat' dir='ltr'>hatinis</span> <span class='ocrx_word' id='word_1_283' title='bbox 1173 4343 1310 4417; x_wconf 78' lang='lat' dir='ltr'>usitato,</span> <span class='ocrx_word' id='word_1_284' title='bbox 1334 4339 1367 4402; x_wconf 74' lang='lat' dir='ltr'>dc</span> <span class='ocrx_word' id='word_1_285' title='bbox 1386 4356 1431 4418; x_wconf 72' lang='lat' dir='ltr'>qua</span> 
     </span>
    </p>
   </div>
   <div class='ocr_carea' id='block_1_5' title="bbox 0 0 1530 5136">
    <p class='ocr_par' dir='ltr' id='par_1_12' title="bbox 0 0 1530 5136">
     <span class='ocr_line' id='line_1_37' title="bbox 0 0 1530 5136; baseline 0 0"><span class='ocrx_word' id='word_1_286' title='bbox 0 0 1530 5136; x_wconf 95' lang='lat' dir='ltr'> </span> 
     </span>
    </p>
   </div>
  </div>
 </body>
</html>
