2982 5146
376 375 423 422 un
447 376 538 422 arun.
561 375 665 422 anax.
689 375 733 422 nr
756 375 972 424 rrsrsrusro.
1186 359 1243 424 147

97 549 245 608 eramus,
268 529 304 590 ut
319 527 435 589 simul
452 527 746 591 coniunctissimum
762 549 833 591 cum
848 526 932 590 illius
947 527 1065 590 tabulis
1082 527 1245 592 litterariis

95 636 318 720 haberetur*).
381 635 562 700 Probarunt
604 636 706 700 hanc
745 636 1043 720 interpretationem
1080 640 1116 700 ut
1153 637 1245 701 unice

94 767 212 810 veram
241 767 313 810 cnm
336 745 563 828 Bernhardyus
591 749 660 810 tum
682 746 852 810 Richtsrus
874 747 913 809 ds
940 749 1024 831 trag.
1055 746 1188 830 interpr.
1212 770 1242 830 p.

95 855 153 918 60.
199 855 243 918 Et
264 856 318 919 ills
341 855 468 940 quidem
491 855 653 919 commode
674 855 737 920 huc
759 855 906 920 adhibuit
927 855 1052 919 doctam
1076 855 1245 920 Schneide-

94 964 181 1028 wini
202 965 304 1028 nostri
327 964 362 1028 in
383 963 524 1029 Exercit.
543 965 613 1028 crit.
631 987 701 1048 cap.
726 964 773 1029 IV
792 987 824 1048 p.
840 965 882 1028 20
896 965 1160 1048 disputationem,
1184 987 1245 1048 qna

96 1072 336 1138 Callimachum
363 1073 535 1140 Simonidis
562 1073 712 1157 Elpinicia
740 1074 895 1159 quaedam
923 1075 1134 1156 ἐπιγράψαι
1157 1076 1245 1140 {eui-

96 1183 206 1248 ΝΙΚΟΙ
235 1184 412 1250 ΔΡΟΜΕ(Ι
446 1183 562 1248 effecit.
613 1183 735 1278 Eodem
767 1205 885 1270 graeca
913 1184 1010 1248 verba
1042 1185 1245 1268 grammatici

92 1291 242 1356 ⁴Parisini
265 1293 374 1356 valent
397 1293 539 1377 quamvis
562 1293 641 1357 mire
663 1293 764 1358 dicta:
788 1293 836 1359 ὧν
855 1295 930 1359 τοὺ(
954 1295 1087 1360 πίνακα(
1110 1294 1245 1374 ἐπεγρά-

94 1423 198 1480 ψατο.
233 1401 295 1466 Pro
316 1403 430 1486 quibus
454 1425 525 1467 cum
548 1405 711 1486 exspectes
734 1403 782 1468 ὧν
804 1405 880 1468 rob<
904 1404 1037 1470 πίνακα(
1060 1403 1245 1484 ἀνέγραψεν

95 1511 168 1594 (vel
197 1511 293 1574 etiam
315 1512 549 1596 ἀνεγράψατο),
578 1515 687 1576 tamen
715 1513 767 1578 ἐπί
794 1513 987 1596 praepositio
1015 1513 1104 1576 tenui
1130 1513 1245 1576 veteris

94 1620 274 1684 memoriae
302 1620 438 1706 vestigio
466 1643 502 1684 eo
527 1643 585 1686 nos
608 1621 722 1686 ducere
744 1621 884 1704 videtur,
913 1624 948 1685 ut
978 1643 1043 1684 non
1071 1622 1140 1686 sine
1168 1623 1245 1685 mul-

94 1729 207 1812 tiplici
222 1730 261 1794 de
284 1731 436 1794 librorum
458 1751 652 1814 quorumque
668 1731 928 1814 inscriptionibus
950 1731 1135 1814 quaestione
1151 1731 1245 1794 (lalli-

94 1838 252 1902 machum
276 1840 501 1925 intellegamus
524 1841 565 1903 ad
587 1839 665 1904 illud
688 1841 888 1922 ἀναγράφειν
910 1841 986 1906 τοὺε
1008 1841 1142 1906 πίνακα(
1158 1861 1245 1904 acce-

94 1949 179 2012 dere
201 1948 349 2032 potuisse.
395 1949 481 2014 Nam
502 1949 541 2012 de
564 1971 600 2012 eo
623 1971 751 2034 prorsus
773 1950 883 2034 opinio
904 1949 1091 2014 Richterum
1117 1948 1244 2030 fefellit,

94 2057 188 2142 qnod
215 2063 328 2123 indices
356 2059 492 2144 singulis
520 2059 610 2123 libris
638 2060 818 2124 necessario
845 2059 985 2124 adiectos
1013 2059 1078 2123 iam
1105 2060 1147 2123 ab
1169 2059 1246 2142 ipsis

95 2187 213 2230 eorum
237 2167 444 2252 scriptoribus
468 2169 529 2232 ait:
552 2191 613 2252 quo
636 2169 768 2232 meliora
790 2170 840 2232 vel
863 2168 1088 2252 Bernhardyus
1110 2167 1244 2251 Encycl.

94 2275 215 2360 philol.
233 2299 264 2360 p.
280 2277 340 2342 132
355 2277 468 2341 docere
484 2281 642 2360 potuerat.
674 2277 736 2344 Sed
752 2278 863 2341 titulos
878 2278 1014 2360 singulis
1033 2277 1245 2340 voluminibus
1263 2297 1296 2344 aa

96 2385 228 2450 calamo
255 2386 499 2470 inscribentem,
527 2389 653 2471 qualem
676 2387 844 2452 Plautinus
867 2387 1039 2450 scholiasta
1061 2387 1170 2469 finxit,
1200 2387 1245 2450 sic

94 2495 210 2579 potius
232 2495 414 2580 significare
436 2517 570 2582 graccus
592 2497 729 2580 scriptor
751 2497 918 2560 debuerat:
942 2497 990 2562 olc
1012 2498 1088 2562 robe
1110 2498 1246 2561 πίνακα(

94 2607 304 2686 ἐπέγραψεντ
337 2607 364 2670 si
391 2607 485 2670 modo
518 2627 575 2690 pro
603 2613 697 2672 titulis
725 2627 865 2690 unquam
893 2607 1021 2673 πίνακες
1055 2605 1131 2668 dicti
1160 2609 1244 2668 sunt.

97 2713 274 2797 Vtcunque
296 2714 357 2778 hoc
379 2719 443 2796 est,
467 2716 692 2800 neglegentius
707 2720 874 2799 utrumqne
896 2714 1141 2800 grammaticum
1163 2714 1247 2778 locu-

95 2827 172 2886 tum
195 2829 339 2910 apparet.

189 2931 303 2996 Restat
323 2937 358 2997 ut
380 2933 419 2998 de
434 2933 631 3000 Callimacho
647 2941 748 3000 aulico
763 2942 848 3014 rapio
870 2940 1096 2999 bibliothecario
1110 2932 1245 2996 dicatur.

95 3041 205 3117 Quem
232 3043 359 3106 tametsi
382 3064 416 3106 re
440 3065 516 3108 vera
537 3043 713 3128 praefuisse
738 3043 949 3107 bibliothecae
970 3043 1040 3128 ipsa
1066 3043 1112 3107 rei
1134 3043 1246 3126 proba-

97 3151 232 3214 bilitate
253 3157 358 3216 motus
385 3151 610 3236 Bernhardyns
633 3153 718 3218 Hist.
750 3153 811 3217 litt.
843 3153 898 3218 Gr.
923 3153 938 3216 l
966 3175 998 3236 p.
1021 3153 1082 3218 367
1112 3151 1245 3232 dixerat,

95 3259 185 3324 miro
219 3264 327 3324 tamen
360 3262 444 3325 idem
476 3262 593 3326 iudicio
627 3283 700 3326 usus
731 3261 890 3328 Censurae
923 3285 954 3346 p.
984 3263 1047 3326 828
1079 3262 1247 3346 quicquam

95 3369 306 3433 auctoritatis
339 3371 472 3454 negavit
504 3371 556 3434 isti
585 3371 729 3455 opinioni
757 3393 774 3434 e
803 3375 889 3435 certo
922 3370 1080 3454 planoque
1107 3369 1247 3434 eiusdem

96 3479 148 3542 rei
173 3479 357 3543 testimonio
380 3479 540 3544 accedere.
572 3479 712 3544 Omnino
729 3483 836 3544 autem
858 3501 971 3564 pamm
986 3483 1034 3544 est
1056 3479 1121 3543 veri
1144 3478 1247 3542 simile

96 3590 144 3651 ab
173 3587 243 3670 ipso
271 3587 397 3652 demum
424 3588 596 3653 scholiasta
624 3587 774 3654 Plautino
801 3590 857 3652 illa
885 3590 982 3653 verba
1014 3589 1138 3652 adiecta
1167 3609 1246 3670 csse,

97 3719 186 3791 quae
215 3719 292 3761 sane
321 3719 340 3761 a
368 3697 494 3782 graecis
522 3699 648 3762 absunt.
694 3699 805 3784 Longe
830 3699 916 3764 enim
942 3698 1035 3762 aliter
1063 3701 1247 3781 comparata

97 3810 195 3889 sunt,
225 3827 305 3890 quae
334 3807 382 3870 illi
410 3807 581 3896 tribuenda
608 3808 777 3892 suspicere.
810 3807 906 3872 Velut
935 3829 1005 3872 cum
1031 3807 1247 3872 Ptolemaeum

94 3921 290 3997 phaosopris
311 3915 604 4000 differirssimwffl)
626 3929 656 3981 et
675 3924 784 3982 cervis
806 3923 941 3982 omnibus
963 3922 1139 3982 uanioribus
1155 3923 1248 3981 claris

171 4185 197 4251 ³⁸)
217 4183 268 4253 {De
282 4182 444 4238 Callimachi
456 4185 527 4238 cuns
545 4185 785 4254 pinacographicis
800 4185 867 4240 satis
881 4189 991 4242 constat
1002 4185 1125 4239 omniurn
1137 4199 1247 4238 accura-

97 4277 211 4330 tissime
229 4275 473 4330 Wachsmuthinm
490 4294 579 4346 nuper
596 4278 687 4346 egisse
706 4278 843 4346 Philologi
861 4281 881 4332 t.
900 4278 963 4332 XVI
980 4297 1008 4348 p.
1027 4283 1077 4332 663
1095 4279 1167 4346 sqq.]

170 4370 212 4436 **)
226 4373 413 4437 differentiarum
431 4369 515 4422 etiam
533 4386 605 4422 nunc
616 4373 734 4424 tuemur.
758 4370 848 4435 Quam
859 4373 933 4426 inter
945 4389 975 4426 se
987 4371 1090 4424 similes
1103 4371 1131 4424 iu
1145 4371 1247 4424 saeculi

983 4456 1045 4520 lo*
