2952 5132
288 323 351 384 400
556 338 601 382 nn
625 338 852 394 nnrnnnnnms
876 339 1167 398 anrronnnmnvs

289 491 435 572 praebuit
464 512 495 572 p.
517 490 548 570 6,
573 488 611 552 16
638 493 771 554 πολλῶν
799 490 891 553 unice
918 511 1043 574 verum,
1074 491 1158 554 solus
1185 513 1248 554 non
1275 493 1391 576 agnoscit

289 599 489 662 intolerabile
518 599 595 662 illud
623 600 653 680 0,
677 601 718 663 ‘28
745 601 833 664 τότετ
867 623 926 662 nec
955 599 1061 664 hercle
1089 602 1197 683 inepta
1227 605 1297 664 suut
1321 601 1345 682 8,
1366 601 1391 663 n

289 712 573 790 φιλοπονώτατον,
597 709 626 790 a,
644 709 684 770 23
703 710 781 773 litor.
813 709 981 793 Singularc
1005 714 1053 773 est
1074 713 1106 772 et
1129 732 1200 774 cum
1222 733 1282 774 uno
1295 710 1392 774 Veneto

289 818 450 902 Sylhurgii
475 839 640 881 commune
663 841 693 900 p.
714 821 761 900 10,
779 819 819 882 29
842 820 1061 898 ἀγωνὶεμαειν.
1092 819 1209 894 Quodsi
1230 823 1309 884 recte
1322 841 1392 902 snpra

290 928 481 992 coniecimus
509 928 550 991 ab
572 927 652 1011 Lapi
681 928 788 991 codice
816 950 880 992 non
909 929 1035 992 differre
1064 928 1210 994 Hudsoni
1232 929 1392 992 Vaticanum

287 1037 365 1120 150,
400 1059 459 1101 nec
493 1039 533 1100 ab
561 1038 621 1100 hoc
640 1037 809 1100 alimmum
843 1061 912 1101 cnm
943 1039 1136 1102 Vaticanum
1170 1061 1237 1102 esse
1266 1039 1314 1122 qui
1340 1038 1393 1100 licl-

288 1148 454 1211 lermanno
488 1151 570 1211 teste
603 1146 696 1210 bodie
730 1151 915 1210 numeratur
950 1150 1025 1232 133,
1060 1147 1170 1212 eademi
1199 1171 1305 1232 opera,
1334 1171 1393 1231 qnae

288 1257 380 1320 huius
407 1257 529 1320 indoles
557 1257 598 1320 sit
628 1257 668 1320 ab
691 1257 860 1321 Ambrosio
893 1262 1003 1322 nostro
1032 1281 1097 1322 non
1125 1259 1276 1342 inspecti,
1307 1258 1393 1340 proba·

287 1366 395 1429 biliter
423 1370 686 1429 eonrmonstrassc
714 1367 906 1448 videbimur,
935 1369 997 1431 nisi
1024 1369 1150 1452 quidem
1179 1368 1242 1431 alio
1264 1369 1353 1449 Lupus
1370 1367 1392 1427 in

288 1476 465 1558 undecimo,
490 1477 552 1540 alio
577 1476 683 1540 codice
706 1499 780 1540 risus
803 1480 851 1540 cst
873 1478 905 1540 in
922 1478 1079 1560 prioribus
1095 1465 1335 1561 Antiquitatium
1348 1475 1393 1536 llo

287 1607 453 1649 manarum
476 1587 576 1651 libris.

540 1953 588 2024 II.
642 1953 979 2027 Comrnentatio
1014 1951 1171 2024 altera.

256 2150 266 2195 1
371 2134 518 2220 Dionysii
541 2138 648 2220 capita
670 2139 821 2221 triginta,
846 2158 925 2220 qnae
948 2140 1023 2199 siant
1045 2137 1087 2199 ab
1106 2134 1200 2198 initio
1223 2135 1292 2197 libri
1312 2129 1393 2215 pn'mi,

287 2245 325 2308 ad
349 2246 406 2310 hos
428 2247 525 2310 libros
548 2247 802 2311 emendavimus:

438 2363 463 2418 Α
507 2356 692 2420 Chisiannm
714 2357 771 2436 58,
795 2354 903 2420 decern
926 2355 1087 2417 librorum.

439 2471 467 2528 B
506 2465 535 2528 V
538 2466 696 2529 rbinatem
724 2467 796 2547 105,
821 2466 874 2548 qui
897 2463 1052 2527 Hudsono
1074 2467 1123 2525 est
1144 2461 1316 2526 Vaticanus
1343 2459 1394 2521 101.

551 2577 628 2639 item
649 2575 758 2638 decern
780 2575 942 2638 librorum.

439 2692 463 2749 C
504 2686 735 2748 coislinianae
760 2685 820 2746 150
831 2684 877 2767 *1,
902 2681 1049 2745 undecim
1071 2681 1234 2743 librorum.
1459 2751 1460 2754 Ἴ

438 2801 465 2858 D
502 2795 638 2878 Regium
654 2794 834 2858 Parisinum
853 2793 933 2856 1054
949 2794 981 2853 et
995 2791 1085 2872 1055,
1101 2790 1211 2853 decem
1226 2789 1371 2852 librorum.
1459 2799 1460 2883 l

439 2911 466 2968 Ε
507 2905 701 2967 Vaticanum
726 2904 801 2984 133,
826 2902 879 2985 qui
901 2900 1055 2964 Hndsono
1078 2903 1126 2962 est
1148 2898 1321 2963 Vaticanus
1341 2893 1395 2974 450,

551 3013 698 3076 undecim
720 3012 882 3074 librorum.

438 3130 466 3185 F
511 3123 701 3186 Vrbinatem
727 3123 796 3202 100,
821 3121 958 3204 quinque
981 3119 1133 3183 librormn
1155 3120 1303 3202 priorum.
1458 3145 1459 3229 p

437 3239 464 3295 Ρ
510 3233 692 3314 Principem
715 3231 886 3294 editionem
909 3251 925 3292 e
949 3236 976 3293 D
998 3229 1136 3292 ductam.

437 3347 464 3404 11
508 3341 688 3405 Romanurn
711 3340 851 3403 codicem
874 3339 1046 3423 Sylburgii.

444 3459 469 3513 V
509 3451 666 3515 Venetunr
691 3451 830 3513 codicem
853 3449 1031 3532 sylam-gii,
1056 3470 1120 3512 non
1139 3448 1332 3511 diver-suma
1457 3531 1458 3544 ¹

444 3568 489 3623 l'a
510 3560 634 3624 Veneto
650 3560 818 3622 chartaceo
834 3559 896 3622 272
912 3559 953 3622 ab
965 3556 1176 3621 Ambroschio
1193 3557 1314 3635 collato,
1330 3551 1397 3615 cuin.-
1457 3556 1458 3581 ¹

551 3671 770 3754 apographum
793 3669 972 3750 exemplum
995 3672 1044 3730 est
1060 3667 1203 3730 Venetus
1226 3664 1397 3730 membrum·

552 3801 622 3842 cens
645 3779 716 3843 273.

371 3889 417 3952 De
445 3889 495 3952 hia
528 3889 616 3951 libris
653 3909 723 3950 cum
752 3888 869 3969 partim
900 3909 918 3948 a
942 3887 1033 3950 nobis
1062 3887 1241 3968 expositum
1269 3883 1307 3946 sit
1331 3875 1395 3940 edit«
1456 3889 1457 3931 l

287 4023 314 4062 n.
346 3997 708 4064 ttllllllOCOXXXVlil
746 3997 969 4059 dissertatione
1003 3993 1264 4074 Vratisluviensi‚
1302 3983 1394 4072 purtim

286 4109 361 4170 olirn
390 4107 612 4189 exponendum
640 4107 680 4168 sit
710 4107 903 4188 accuratim,
935 4105 985 4168 hic
1009 4104 1118 4168 licebit
1146 4103 1256 4185 paucis
1277 4091 1393 4173 (lebuni-

354 4342 378 4407 *Jl
404 4341 479 4408 [Non
502 4349 560 4408 105,
580 4342 652 4409 qnod
673 4340 781 4408 scripsit
800 4340 981 4408 Kieaslingius
1000 4341 1051 4394 volt
1073 4340 1082 4390 l
1101 4339 1188 4406 praef.
1207 4355 1232 4405 p.
1247 4333 1300 4400 Vl]
