2942 5134
469 351 610 400 ranorcr
633 353 780 402 serare.
1130 339 1191 402 421

58 507 144 570 tanta
167 509 225 588 est,
249 509 370 590 quanta
392 527 460 570 esse
482 506 584 589 primo
607 506 760 590 adspectu
781 507 915 570 videtur.
952 509 1058 591 Atque
1073 507 1192 571 relicua
1212 525 1244 572 m

58 616 178 700 quidem
209 637 295 680 nuno
332 615 631 699 praetermittimus:
669 638 706 680 ea
739 621 867 680 tantum
900 638 1191 701 commemoramus,

58 749 132 809 quae
154 725 308 790 cumbae
330 726 516 810 quaestione
538 731 614 790 sunt
636 725 816 790 coniuncta.
854 727 967 810 Itaque
982 727 1101 811 A‘e'ropi
1122 729 1192 792 loco

58 836 113 898 etsi
138 836 242 918 posita
270 839 347 900 sunt
369 836 491 900 Orestis
522 835 576 918 (ne
600 858 618 899 a
641 835 781 900 Diodoro
803 836 930 922 quidem
951 836 1079 901 silentio
1101 859 1192 921 prae·

58 945 188 1010 termissi
211 945 300 1029 XIV,
324 947 380 1031 37)
404 949 437 1009 et
459 946 590 1010 alterius
613 946 777 1010 cuiusdam
799 947 951 1010 Archelai
974 947 1119 1030 nomina,
1143 951 1190 1012 ta-

58 1076 123 1119 men
150 1078 307 1121 annorum
330 1078 468 1140 summa,
492 1079 573 1141 quae
602 1057 755 1120 ambobus
782 1057 950 1139 tribuitur,
980 1079 1044 1121 uno
1064 1061 1191 1122 tantum

59 1187 136 1230 anno
157 1167 283 1232 excedit
305 1166 425 1251 Atropi
447 1167 626 1251 imperium.
673 1166 751 1248 Sed,
775 1171 858 1250 quod
880 1165 943 1231 huc
965 1170 1014 1231 est
1036 1167 1191 1252 imprimis

59 1276 332 1360 accommodatum,
356 1280 389 1341 et
404 1278 566 1361 Amyntae
587 1277 755 1361 imperium
776 1297 842 1340 non
865 1281 913 1340 est
932 1278 1191 1360 praetermissum

59 1389 123 1468 post
143 1385 324 1451 Pausaniae
346 1409 479 1451 nomen:
514 1389 603 1472 (nam
626 1387 708 1471 quod
731 1385 840 1452 XXIV
861 1388 1024 1470 Amyntae
1051 1387 1129 1452 anni
1156 1387 1191 1452 in

59 1494 127 1559 duas
148 1499 224 1560 sunt
246 1501 354 1580 partes
377 1496 540 1560 distributi
562 1497 751 1581 interposito
774 1496 873 1581 Argei
896 1517 1013 1581 regno,
1037 1496 1069 1560 id
1091 1497 1190 1580 ipsius

58 1605 179 1670 Diodori
200 1607 356 1671 memoria
378 1607 494 1671 nititur
515 1607 570 1671 lib.
595 1605 673 1671 XIV
696 1629 723 1670 c.
741 1606 798 1670 92:
821 1629 840 1670 a
863 1628 924 1690 quo
947 1606 982 1670 in
1004 1629 1041 1671 eo
1063 1611 1190 1672 tantum

58 1716 219 1800 receditur,
250 1717 332 1801 quod
361 1716 461 1802 Argei
489 1716 653 1780 biennium
682 1738 746 1781 non
776 1716 958 1782 continetur
991 1717 1054 1781 illis
1082 1716 1190 1782 XXIV

59 1825 208 1909 Amyntae
233 1827 346 1910 annis,
371 1826 426 1890 sed
449 1826 569 1890 eisdem
590 1829 757 1910 praeterea
780 1826 908 1891 additur
916 1828 938 1912 z)
962 1831 994 1891 et
1016 1849 1091 1892 vero
1113 1828 1189 1892 Ale·

59 1937 162 1998 xandri
184 1959 329 2001 annuum
351 1936 521 2020 imperium
544 1939 825 2001 commemoratum
848 1941 906 2000 est.
943 1937 1055 2022 Itaque
1077 1959 1116 2001 ex
1138 1960 1188 2002 eo·

58 2045 120 2108 dem
145 2047 251 2112 indice
272 2047 404 2110 Eusebii
432 2046 648 2111 emendandus
676 2049 726 2110 est
752 2047 999 2131 quinquennalis
1028 2069 1188 2131 numerus,

59 2155 104 2236 qui
121 2155 293 2221 Perdiccae
315 2156 364 2220 llI
386 2157 538 2222 tribuitur
559 2157 594 2222 in
615 2156 799 2240 fragmento
821 2157 968 2222 Diodori:
991 2156 1082 2221 illum
1103 2158 1189 2222 enim

59 2285 104 2328 sex
124 2267 230 2349 potius
258 2289 360 2330 annos
382 2267 549 2351 regnando
576 2266 719 2350 explesse
741 2266 779 2330 de
803 2266 933 2331 Diodori
962 2267 1122 2331 sententia
1151 2289 1189 2331 ex

59 2395 90 2436 co
116 2376 292 2462 colligitur,
331 2376 414 2461 quod
441 2377 528 2442 trina
556 2376 748 2459 Alexandri,
786 2375 962 2442 Ptolemaei
985 2376 1129 2440 Aloritae
1157 2379 1189 2440 et

59 2481 216 2550 Perdiccae
245 2487 381 2570 imperia
409 2487 450 2550 ab
479 2487 520 2550 ol.
545 2485 618 2570 CII,
642 2487 662 2550 3
695 2486 735 2550 ad
759 2509 879 2550 annum
901 2487 942 2550 ol.
967 2485 1023 2551 CV
1050 2486 1188 2570 primunr

59 2595 237 2673 pertinuisse
264 2596 401 2680 legimus
430 2596 513 2680 apud
537 2596 709 2662 Diodorum
738 2596 816 2678 XV,
840 2597 882 2661 60
904 2599 936 2660 et
958 2595 1051 2679 XVI,
1075 2597 1110 2680 23
1147 2597 1187 2660 ad

59 2705 131 2784 quod
157 2705 349 2770 decennium
378 2706 569 2789 explendum
592 2710 721 2790 praeter
748 2729 889 2770 annuum
913 2706 1091 2771 Alexandri
1116 2728 1187 2789 spa-

58 2811 128 2876 tium
159 2819 189 2878 et
217 2815 394 2880 triennium
420 2815 597 2880 Ptolemaei
632 2839 710 2900 opus
744 2819 793 2880 est
825 2815 976 2879 sexennio
1004 2814 1186 2899 Perdiccae,

59 2942 113 2984 non
140 2925 374 3008 quinquennio:
402 2929 497 3009 atque
525 2925 610 2989 idem
637 2926 733 3009 plane
756 2925 968 3009 perscriptum
996 2927 1044 2988 est
1066 2947 1085 2987 a
1108 2923 1187 3008 Syn-

60 3031 128 3094 ccllo
154 3055 183 3116 p.
207 3034 273 3098 260
295 3041 319 3098 C
345 3039 377 3098 et
399 3035 462 3098 263
487 3040 515 3098 Β
542 3039 637 3118 atque
665 3035 699 3098 in
729 3035 859 3098 Eusebii
888 3034 1018 3100 Canone
1048 3056 1080 3117 p.
1112 3034 1185 3098 221.

59 3139 253 3228 Eandemque
285 3145 322 3206 in
347 3144 475 3208 modurn
502 3144 619 3229 viginti
647 3145 709 3208 duo
737 3145 832 3226 anni,
875 3144 929 3228 qui
956 3143 1127 3208 Perdiccae
1155 3143 1186 3207 Π

60 3249 134 3330 [cius
156 3254 208 3336 qui
232 3254 406 3318 antecessit
428 3254 642 3338 Archelaum)
670 3254 804 3337 imperio
831 3254 1016 3317 tribuuntur
1043 3254 1078 3318 in
1099 3254 1186 3339 frag-

60 3365 155 3424 mento
173 3362 316 3446 Diodori,
341 3363 481 3448 augendi
502 3385 567 3428 uno
589 3385 675 3427 anno
698 3367 773 3428 sunt
795 3387 833 3428 ex
857 3363 961 3427 indice
983 3363 1039 3426 illo
1053 3362 1186 3427 Eusebii

61 3471 87 3528 et
100 3469 242 3553 Syneello
266 3495 297 3555 p.
313 3473 376 3537 247
394 3478 423 3536 Β
444 3475 477 3536 et
498 3473 561 3536 262
577 3479 619 3556 D,
643 3474 829 3557 quibuscum
851 3473 987 3538 vidimus
1011 3493 1186 3557 congruere

61 3574 207 3664 llarsyam
231 3585 326 3666 atque
348 3581 585 3666 Philochorum,
608 3583 758 3668 egregiae
780 3583 951 3666 scriptores
973 3582 1185 3666 auctorItatiS,

61 3707 127 3768 quos
146 3690 213 3774 ipse
236 3696 363 3756 secutus
385 3692 571 3756 Athenaeus
594 3697 643 3756 est
663 3694 718 3758 lib.
739 3693 771 3756 V
792 3717 824 3776 p.
848 3693 909 3756 217
935 3698 971 3756 Ε.
1014 3691 1186 3757 Praeterea

61 3817 122 3860 curn
146 3800 184 3864 de
206 3823 364 3866 annorum
386 3825 508 3866 summa
529 3803 701 3868 Perdiccae
721 3803 736 3867 I
760 3801 913 3886 (eiusdem
935 3825 1027 3887 quem
1048 3804 1185 3886 primum

61 3903 257 3974 Macedonum
285 3933 394 3996 regem
416 3911 617 3996 Thucydides
644 3914 758 3976 statuit
781 3935 852 3976 eum
873 3912 1050 3996 Herodoto)
1084 3913 1185 3995 dupli-

62 4015 130 4080 citer
154 4020 308 4084 traditum
335 4022 512 4106 reppererit
539 4021 694 4086 Eusebius
722 4023 758 4086 in
785 4044 841 4086 suo
869 4022 1001 4086 Diodori
1028 4021 1182 4103 exemplo,

61 4127 90 4184 ut
109 4126 153 4189 ait
178 4151 209 4211 p.
233 4130 311 4212 323,
336 4131 370 4196 8:
405 4131 660 4216 quandoquidem
688 4132 843 4196 alterutra
869 4132 1027 4214 scriptura
1053 4151 1183 4194 neeesse
1204 4143 1232 4190 11

62 4237 102 4295 est
127 4243 272 4322 corrupta
293 4239 390 4306 fuerit
417 4241 451 4304 in
475 4241 582 4306 codice
605 4264 681 4324 ms,
710 4263 833 4306 mecum
861 4245 940 4325 puta
962 4237 1052 4304 XLII
1081 4261 1184 4304 annos

62 4338 217 4414 Perdiccae
238 4350 336 4414 tribui
358 4373 378 4414 a
400 4349 555 4434 Diodoro,
579 4374 646 4414 non
667 4351 814 4416 XLVIII.
