2942 5134
507 434 627 480 oaorcr
652 433 815 480 couosar.
1167 418 1232 484 405

85 585 122 649 δέ
149 583 327 666 particulae
356 583 461 648 sedem
490 585 631 670 vulgaris
658 587 720 666 γάρ
754 591 957 672 occupasset,
992 590 1028 650 ut
1060 587 1106 650 sic
1140 609 1229 652 exae-

85 715 203 780 quasse
226 715 334 760 versus
356 697 485 780 poetam
507 694 755 780 perspicereturz

240 873 407 954 εημάντωρ
436 875 563 940 ἁλιώεει
591 876 660 954 χερὶ
688 876 820 955 πέρεαε·
856 875 876 940 δ
910 877 944 939 δ’
977 875 1107 940 ἐεαιὲν
1140 877 1229 955 δρῶν

492 984 607 1050 κύκλοε
629 1011 663 1020 -

83 1120 119 1182 et
249 1120 290 1183 εὰ
322 1120 356 1182 δ’
395 1119 567 1198 εὐήρετμοε
602 1119 738 1195 ἔκπαγλ’
774 1119 847 1186 ἁλία
880 1119 965 1200 χερελ
998 1119 1229 1198 παραπτομένα

491 1229 598 1296 πλάτα
618 1256 662 1295 -.

80 1406 123 1470 In
146 1428 210 1490 qua
233 1407 391 1490 scriptura
414 1430 513 1471 unum
534 1411 636 1472 restat
657 1407 740 1491 qaod
762 1405 970 1490 defendatur,
999 1428 1065 1471 non
1092 1411 1128 1472 ut
1155 1429 1227 1491 gra-

78 1515 149 1578 tius
183 1519 216 1578 et
242 1516 390 1599 nitidius,
425 1517 480 1580 sed
513 1521 548 1580 ut
581 1516 806 1582 necessarium.
852 1515 1013 1600 Reisigius
1041 1517 1127 1582 enim
1156 1539 1227 1580 cum

78 1625 287 1708 responsioni
302 1625 554 1709 antistrophicae
576 1627 622 1690 sie
645 1624 874 1692 consulendum
894 1629 1032 1708 putaret,
1056 1628 1092 1690 ut
1114 1627 1226 1704 ὁγὰρ

77 1735 233 1819 εἰειαιὲν
254 1736 344 1814 δρῶν
367 1737 482 1800 κύκλοε
504 1738 537 1800 et
559 1737 667 1815 χερεὶ
688 1737 945 1819 παγραπτομένα
965 1735 1070 1800 πλάτα
1089 1735 1226 1798 invicem

75 1843 145 1908 sibi
182 1843 316 1910 referret
349 1845 568 1910 concinnitate
605 1867 701 1929 quam
736 1844 874 1908 maxime
910 1845 1123 1926 inconcinna,
1160 1866 1226 1908 non

75 1953 191 2038 potuit
212 1953 289 2036 quin
312 1975 365 2017 eos
388 1954 442 2038 qui
463 1953 661 2037 praecedunt
683 1975 791 2018 versus
814 1975 879 2017 una
894 1953 1020 2018 adiecta
1043 1955 1081 2019 εά
1103 1953 1226 2037 syllaba

74 2063 126 2127 sic
162 2066 370 2146 exaequaret:
409 2064 569 2143 εημαίμιιιν
603 2065 730 2128 ἁλιώεει
756 2065 825 2144 χερὶ
852 2065 969 2142 πέρεαε
990 2063 1066 2127 -ἁ
1093 2066 1126 2128 δ’
1154 2065 1225 2142 εὐή-

74 2193 197 2253 ρετμοε
235 2173 371 2249 ἔκπαγλ’
407 2173 481 2238 ἁλία
517 2175 569 2238 cot.
614 2172 745 2256 Frigere
782 2171 925 2236 additum
962 2174 1006 2237 εά
1038 2171 1225 2235 Hermanno

74 2283 202 2346 uisum:
234 2285 266 2345 et
296 2282 342 2345 ita
364 2282 491 2367 quidem
515 2282 716 2346 conlocatum
738 2281 839 2364 friget
859 2301 981 2364 reapse.
1026 2279 1116 2356 Quod
1139 2281 1225 2344 enim

73 2395 297 2476 exspectatur,
321 2413 387 2456 uon
402 2391 463 2456 hoc
483 2395 547 2456 est:
570 2391 725 2474 ‘remipes
748 2393 854 2453 autem
877 2412 934 2473 per
955 2411 1043 2455 mare
1065 2389 1145 2454 ratis
1168 2393 1224 2454 tua

71 2502 156 2565 salit
165 2509 187 2583 '‚
211 2500 265 2564 sed
288 2501 349 2564 hoc
370 2501 491 2584 potius:
514 2504 587 2564 ‘tua
610 2503 659 2564 est
677 2503 794 2580 autem,
819 2521 898 2584 quae
914 2501 1050 2584 remipes
1065 2520 1122 2584 per
1136 2521 1224 2564 mare

71 2610 160 2674 ratis
190 2609 294 2692 saiit',
332 2614 502 2694 postquam
529 2610 607 2674 illud
635 2609 811 2693 praecessit
847 2612 898 2672 ‘tu
926 2631 975 2692 es,
1013 2609 1068 2693 qui
1095 2609 1224 2673 frenare

70 2741 180 2804 equos
212 2719 379 2782 docueris!
428 2719 517 2804 Ergo
549 2718 689 2782 dubitari
722 2739 850 2801 prorsus
888 2740 954 2782 non
986 2722 1107 2803 potest,
1146 2718 1223 2802 quin

69 2849 192 2894 verum
206 2828 409 2912 Musgravius
429 2829 545 2892 viderit
566 2829 703 2905 ἀγυιαῐε·
728 2829 803 2892 ἅδ’
825 2855 856 2862 -
880 2831 1007 2892 mutans
1030 2829 1065 2891 in
1087 2829 1224 2904 ἀγυιαῖε·

69 2941 119 3004 (ὰ
148 2940 186 3002 δ’
212 2965 253 3001 -.
296 2936 381 3000 Nam
412 2937 453 3000 ad
485 2937 672 3020 Neptunum
704 2941 866 3001 auctorem
900 2936 1012 3000 referri
1046 2937 1222 3020 navigandi

68 3053 185 3110 artem
209 3068 279 3109 curn
302 3045 563 3111 Schneidewinus
592 3047 639 3110 ait
665 3068 682 3110 e
710 3069 794 3110 nexu
817 3047 1049 3110 sententiarum
1071 3047 1220 3130 perspici,

68 3155 152 3241 quid
180 3159 230 3218 est
251 3155 382 3220 tandem
405 3179 461 3221 cur
482 3157 621 3220 noluisse
644 3159 788 3239 poetam,
819 3156 901 3240 quod
925 3177 1024 3220 nexus
1047 3157 1221 3220 sententia-

67 3288 148 3330 rum
171 3264 347 3349 flagitaret,
368 3266 474 3329 verbis
496 3265 606 3328 efferre
627 3269 774 3348 putemus
789 3286 871 3349 quae
892 3265 1018 3349 quidem
1039 3266 1073 3329 in
1095 3287 1221 3349 promp-

66 3380 106 3439 tu
132 3377 248 3440 essent
269 3373 366 3457 longe
388 3374 666 3438 commodissima?

163 3567 292 3632 Licebit
327 3567 427 3652 igitur
462 3589 548 3632 nunc
581 3567 731 3651 strophae
764 3572 797 3632 et
829 3569 1049 3652 antistrophae
1083 3568 1221 3652 speciem

66 3678 264 3742 universam
285 3675 369 3742 hanc
392 3677 614 3742 commendare
636 3699 731 3762 quam
753 3677 838 3741 infra
860 3677 1058 3762 scripsimus:

187 3879 272 3944 ἔετιν
294 3881 327 3944 δ’
350 3881 422 3947 οἷον
445 3882 509 3958 ἐγὼ
531 3885 590 3958 γᾶε
612 3881 713 3946 'Actae
735 3881 794 3946 οὐκ
816 3881 966 3946 ἐπακούω

186 3989 322 4055 οὐδ’ἐν
344 3995 383 4074 τᾷ
404 3992 524 4074 μεγάλᾳ
547 3991 670 4072 Δωρίδι
691 3991 778 4072 νάειρ
801 3993 879 4056 ποτὲ
903 3992 1037 4072 βλαετόν

185 4097 325 4178 φύτευμ’
346 4099 515 4180 ἀχείρητον
536 4101 725 4178 αὐτόποιοι,

185 4207 312 4284 ἐγχέων
333 4209 463 4288 φόβημα
484 4209 599 4285 δαΐων,
644 4211 663 4274 ὃ
686 4213 761 4291 τᾷδε
784 4210 892 4276 θάλλει
914 4213 1041 4289 μέγιετα
1061 4211 1163 4291 χώρᾳ,

185 4317 326 4393 γλαυκᾱε
347 4319 570 4397 παιδοτρόφον
593 4319 721 4398 φύλλον
744 4319 864 4384 ἐλαίας

186 4425 225 4488 τὸ
247 4425 304 4503 μέν
327 4445 371 4490 τιε
393 4425 524 4506 ἀκμαῑο(
547 4427 620 4492 οὔτε
642 4429 741 4507 γηρὰε
