2976 5140
275 345 338 408 660
657 363 703 408 ns
727 362 797 410 ono
821 363 865 408 nr
888 363 1030 411 emona.

276 535 391 595 operae
423 513 545 576 instare
578 515 619 576 ab
652 514 732 577 alius
767 515 929 578 cuiusdam
963 515 1008 578 rei
1042 515 1195 578 memoria
1224 514 1334 577 vixdum
1353 516 1377 577 in
1476 511 1477 586 ᾗ

275 627 461 687 transcursu
483 646 579 705 supra
602 625 814 708 significatae.
861 625 991 689 Scilicet
1013 625 1070 689 Ori
1093 625 1210 688 Milesii
1233 630 1380 704 Elymolopi-
1476 641 1477 644 ’

275 755 341 797 cam
374 733 503 816 reliquis
538 734 621 797 illius
656 735 846 818 Orionisqne
878 735 1006 818 scriptis
1039 735 1206 799 Fabricius
1239 735 1383 798 ediscitis

275 842 359 906 Bibl.
383 865 433 927 gr.
457 843 503 930 VI
525 866 556 926 p.
574 845 646 907 374.
669 845 732 908 603
755 843 845 908 Harl.
892 845 950 910 Oui
973 845 1019 908 rei
1042 845 1069 908 si
1091 845 1169 908 fides
1192 844 1330 908 habenda
1348 843 1386 922 sil,

274 952 380 1017 hercle
404 954 444 1016 ad
466 953 592 1016 irritum
615 953 709 1017 eadat
731 976 861 1018 necesse
884 958 932 1018 est
953 977 1074 1039 magna
1096 977 1170 1038 pars
1188 955 1288 1019 adhue
1307 954 1388 1036 dispu—
1476 1003 1477 1020 .

274 1067 424 1126 tatarum.
470 1064 520 1126 lta
549 1063 635 1127 enim
663 1064 738 1147 quid
766 1087 844 1147 opus
871 1064 968 1127 fuerit
996 1065 1035 1128 de
1058 1065 1281 1148 dispertiendis
1302 1065 1332 1127 in
1349 1085 1388 1147 ge
1476 1049 1477 1056 ἵ

275 1195 352 1236 nera
375 1177 407 1236 et
434 1174 550 1236 classes
578 1175 770 1258 fragmentis
800 1174 1023 1257 commentari,
1055 1196 1135 1259 quae
1164 1174 1389 1238 commodissime

274 1283 309 1345 in
331 1283 555 1367 Etymologica
577 1285 731 1347 transisse
754 1307 792 1347 ex
815 1284 1039 1369 Etymologico
1061 1284 1172 1348 dieas?
1206 1284 1292 1370 Ergo
1312 1285 1389 1368 igitur

273 1392 308 1454 in
335 1392 420 1456 illius
447 1393 569 1456 fontem
597 1394 768 1458 memoriae
797 1399 829 1458 et
856 1395 1081 1460 anctoritatem
1113 1394 1331 1479 inquirendum
1354 1408 1388 1456 est

274 1501 456 1586 diligenter.
502 1503 625 1566 Nititur
653 1500 760 1566 aulem
788 1525 825 1566 ea
853 1523 917 1567 una
944 1504 1082 1587 quadam
1109 1503 1215 1567 Fulvii
1243 1503 1340 1568 Vrsini
1363 1503 1386 1564 ir

273 1611 403 1676 Festum
425 1613 649 1696 adnotatione,
680 1615 764 1697 apud
788 1613 1044 1677 Lindemannum
1065 1637 1097 1698 p.
1122 1615 1202 1698 359,
1231 1636 1318 1699 quam
1337 1613 1385 1696 qui·

273 1723 344 1786 dem
366 1723 418 1786 hic
441 1724 606 1787 subiunxi:
630 1730 747 1789 Cibus.
788 1727 865 1788 Orus
887 1727 1023 1788 Milesius
1044 1731 1076 1788 in
1100 1729 1303 1806 Elymoloqico
1321 1727 1387 1802 epod

272 1855 317 1896 me
339 1840 561 1912 nronaseriplo:
600 1836 750 1914 Κιβωτόε,
774 1841 879 1913 inquere,
906 1834 1026 1915 ὤφειλε
1050 1837 1100 1899 διὰ
1122 1839 1183 1899 τοῦ
1206 1856 1233 1899 ει
1253 1840 1328 1914 brot.
1347 1831 1385 1895 tu

272 1945 309 2008 τὸ
332 1947 447 2008 κεῑεθαι
475 1944 510 2008 ἐν
538 1945 617 2028 αὐτῇ
646 1957 701 2009 ete.
746 1945 822 2008 ἴεω(
849 1946 884 2009 δὲ
912 1945 1000 2024 παρὰ
1029 1947 1067 2009 τὸ
1097 1946 1186 2024 κίβοε
1215 1941 1385 2021 reposcat

273 2055 411 2132 (ημαίνει
440 2057 498 2132 τὴν
526 2057 671 2135 τροφὴν,
700 2056 750 2119 καὶ
777 2055 891 2134 κὶβηειε
913 2055 932 2133 ἡ
956 2056 1056 2135 πήρα,
1085 2056 1298 2134 ἢὴκιβωτὸ(
1317 2051 1386 2128 παρὰ

271 2166 309 2227 τὸ
332 2168 446 2228 sertem
469 2165 533 2228 ἐκεῖ
554 2168 612 2243 τὴν
635 2165 732 2245 fidem.
778 2163 868 2227 Haec
897 2164 961 2227 ille.
1007 2163 1152 2227 Vniusne
1182 2163 1278 2247 igitur
1297 2159 1385 2223 Vrsini

272 2275 443 2357 ancipiti
471 2275 655 2337 testimonio
688 2274 765 2337 illud
801 2274 925 2356 credes,
964 2274 1051 2338 cuius
1080 2295 1139 2337 nec
1167 2273 1202 2336 in
1230 2277 1277 2335 tot
1295 2271 1386 2334 biblio-

272 2384 373 2447 thecis
395 2385 507 2447 horum
524 2383 601 2449 CCL
617 2407 773 2448 annornm
791 2384 897 2467 spatio
919 2383 1175 2467 perquisitis'vel
1192 2383 1387 2446 tenuissimmu

271 2494 441 2578 vestigium
464 2499 625 2577 repertum
653 2517 720 2558 esse
750 2495 889 2578 catalogi
913 2498 1068 2578 arguunt,
1097 2493 1215 2556 necin
1236 2497 1282 2556 tot
1300 2511 1388 2575 gram·

271 2605 459 2667 maticorum
474 2605 564 2668 libris
579 2605 696 2668 totiens
711 2605 808 2669 Orum
825 2604 985 2667 Milesium
1000 2603 1233 2667 antestantium
1248 2602 1293 2665 vel
1306 2597 1389 2664 semel

271 2713 405 2776 vidimus
428 2715 624 2778 mentionem
639 2715 732 2778 fieri?
761 2715 890 2796 Anceps
914 2714 999 2777 enirn
1013 2713 1090 2796 dixi,
1114 2713 1198 2797 quod
1219 2735 1259 2776 ne
1279 2729 1390 2774 necesse

271 2824 397 2907 qui‹lem
425 2824 490 2886 ullo
517 2829 612 2906 praeto
641 2829 688 2888 est
711 2825 767 2888 Ori
793 2825 898 2907 potius
920 2824 1020 2907 ipsius
1042 2823 1294 2907 Etymologieum
1315 2818 1390 2882 Vrsi-

271 2957 330 2997 nus
360 2935 468 2996 citarit
495 2956 589 3016 quam
618 2935 652 2997 in
681 2935 791 3018 quovis
820 2935 883 2997 alio
905 2933 1128 3017 Etymologico
1157 2933 1212 2996 illa
1234 2932 1287 2996 Ori
1309 2928 1390 2992 rerba

271 3049 396 3107 exstare
429 3044 632 3128 significarit.
677 3044 721 3107 Et
743 3045 777 3108 in
799 3045 885 3108 hane
912 3044 1039 3128 quidem
1061 3043 1254 3106 sententiam
1274 3062 1308 3104 re
1329 3059 1391 3101 vera

220 3168 251 3215 72
270 3154 545 3236 interpretandam
579 3176 646 3217 esse
675 3154 785 3218 Vrsini
818 3155 1034 3236 notationem,
1069 3175 1140 3216 cum
1173 3153 1222 3216 vel
1253 3153 1393 3235 Magnum
1476 3135 1477 3168 ³

270 3263 527 3348 Etymologicum
550 3265 683 3328 suadeat
711 3268 744 3327 et
767 3263 964 3346 Gudianurn,
997 3267 1066 3326 tum
1088 3263 1322 3326 evidentissime
1348 3257 1393 3321 ze

270 3396 365 3437 naras
389 3375 522 3456 evincit,
555 3375 666 3438 eadem
688 3375 888 3457 perscribens
917 3397 948 3457 p.
977 3374 1057 3436 1210
1082 3394 1165 3455 quae
1194 3373 1299 3456 posuit
1320 3369 1394 3432 Vrsi·
1476 3369 1477 3372 ’

270 3507 340 3547 nus.
374 3523 416 3531 —
453 3483 513 3547 sed
546 3485 630 3547 idem
663 3485 811 3548 videlieet
844 3485 901 3548 Ori
934 3484 1058 3547 Milesii
1083 3483 1338 3567 Etymologieum
1367 3479 1394 3541 iu

271 3594 378 3657 codice
406 3593 621 3676 Neapolitano
654 3599 779 3658 exstare
806 3594 971 3658 Harlesins
1001 3594 1137 3658 coniecit
1170 3591 1255 3656 Bibl.
1283 3614 1331 3676 gr.
1357 3586 1394 3650 Vl

268 3727 299 3788 p.
324 3705 386 3768 603
414 3708 447 3767 et
476 3704 557 3787 Vp.
584 3705 655 3769 786.
705 3705 865 3768 Nimirum
893 3705 975 3788 quod
1003 3704 1179 3787 posteriore
1211 3703 1283 3766 loeo
1309 3698 1394 3785 speci·

268 3814 364 3877 minis
388 3836 499 3877 caussa
522 3815 655 3896 protulit
677 3815 805 3878 initimu
826 3815 1001 3897 (litterae,
1025 3814 1221 3877 simillimum
1245 3817 1295 3876 est
1316 3809 1393 3875 initio

269 3924 321 3987 llt.
346 3925 469 4009 Magni,
494 3947 621 4007 prorsus
645 3929 752 3988 aulem
774 3948 833 4008 par
854 3924 998 3988 Zonarae
1020 3923 1180 3988 notationi
1201 3946 1235 4006 p.
1259 3925 1392 3987 59211011

269 4035 310 4096 ab
332 4035 425 4098 initio
449 4036 587 4118 positae,
617 4058 658 4097 ne
686 4057 749 4097 una
778 4035 905 4118 quidem
932 4035 1040 4098 littera
1066 4034 1254 4116 discrepans
1277 4033 1317 4097 ab
1338 4033 1393 4116 ipsi

269 4143 361 4208 initio
384 4145 523 4208 Gudiani
546 4167 577 4228 p.
598 4145 667 4226 155,
692 4145 740 4208 12.
787 4143 876 4218 Quod
899 4145 1073 4228 praeterire
1095 4166 1161 4207 non
1183 4142 1321 4208 debebat
1341 4143 1391 4204 tlu-

270 4253 357 4315 diani
381 4255 532 4319 editorem
556 4254 731 4338 Sturzium,
763 4277 820 4318 non
843 4263 922 4319 mole
941 4261 1116 4321 Harlesium
1142 4263 1307 4321 coniecisse
1325 4250 1390 4318 iudi·

271 4368 397 4428 eantcm
419 4367 519 4450 praes.
545 4367 579 4430 iu
602 4365 753 4431 Orionem
775 4389 807 4451 p.
832 4363 878 4430 Vl
902 4368 975 4430 adn.
999 4367 1050 4432 25.
