2982 5146
353 369 400 416 DE
424 369 515 415 Ele.
540 369 643 415 Aahx.
668 367 711 414 ΕΤ
733 367 948 416 ΡΙΒΙΒΤΒΔΤΟ.
1160 351 1220 416 155

66 522 175 586 sitam
204 546 223 585 a
255 521 437 587 doctissimo
465 541 594 584 censore
624 539 826 583 numerorum
853 519 1062 584 mutationem
1090 521 1217 602 attinet,

66 653 140 714 age
161 633 216 696 fac
245 629 271 712 β’
293 633 440 711 μυριάδεε
463 651 482 694 a
504 629 620 693 Tzetza
643 629 797 712 scriptum
820 651 898 692 esse.
929 628 989 693 Vel
1018 631 1097 692 hacc
1119 629 1219 694 nimia

66 741 292 804 miscellornm
321 742 447 804 tantum
476 739 618 802 codicum
646 739 747 802 videri
775 738 944 802 multitudo
971 741 1086 821 potest.
1137 739 1218 814 Quid

67 855 185 914 nutem
209 850 323 914 deinde
338 848 603 914 consecuturum?
632 847 791 912 Nimirum
813 851 849 911 ut
869 847 933 910 alia
955 868 993 910 ex
1016 853 1107 932 parte
1122 849 1218 912 etiam

66 964 251 1044 augeatur,
285 960 367 1044 quod
394 959 449 1022 ille
478 959 583 1022 levare
617 958 737 1022 studuit
768 957 1012 1020 incommodum.
1064 959 1219 1022 Minuitur

66 1069 275 1133 voluminum
312 1069 403 1153 copia
439 1067 586 1131 universa
622 1067 799 1151 promiscue
836 1070 1089 1150 computatorem
1120 1071 1153 1130 et
1184 1069 1218 1132 in

66 1201 176 1242 unam
205 1199 360 1243 summam
394 1178 612 1242 collectorum:
645 1181 781 1260 augetur
805 1176 1003 1260 singulorum
1030 1177 1219 1260 scriptorum

65 1288 270 1372 frequentia.
307 1287 390 1351 Nam
414 1309 485 1351 cum
507 1287 575 1350 fere
598 1287 759 1368 complura
775 1275 919 1368 eiempla
941 1286 1034 1348 unius
1055 1285 1219 1369 scriptoris

67 1397 297 1460 Alexandriae
326 1397 485 1460 exstitisse
513 1395 737 1478 Bernhardyus
772 1398 886 1478 neget,
921 1399 1055 1478 apparet
1085 1394 1123 1458 de
1152 1395 1218 1459 cius

67 1507 360 1589 interpretatione,
391 1527 609 1589 quemcunque
632 1525 797 1568 nnmerum
820 1505 852 1567 in
875 1501 906 1583 μ’
928 1506 1090 1585 μυριάδων
1115 1505 1219 1568 locum

65 1615 294 1698 substituetis,
318 1616 413 1698 longe
436 1615 528 1699 plura
550 1635 645 1698 quam
667 1614 823 1698 nonagies
841 1614 927 1678 mille
949 1614 1069 1697 scripta
1092 1615 1219 1698 singula
1237 1625 1269 1675 ³8

66 1725 179 1806 effici,
203 1725 315 1808 quibus
337 1725 464 1808 quidem
487 1723 629 1787 contenti
645 1745 703 1786 nos
725 1723 895 1787 fueramus.
934 1723 1097 1788 Postremo
1112 1727 1219 1788 autem

68 1833 315 1898 confirmandae
342 1833 601 1918 interpretationi
624 1855 699 1896 suae
722 1833 788 1896 eins
812 1833 896 1898 modi
920 1838 1143 1918 argumentum
1166 1833 1219 1898 ad·

66 1943 198 2024 hibuit,
228 1943 315 2006 cuius
342 1947 484 2006 extrema
512 1943 555 2005 sit
581 1941 793 2006 imbecillitas.
844 1943 935 2006 lntcr
966 1943 1099 2008 πίνακα(
1133 1943 1218 2006 enirn

67 2052 309 2118 Callimacheos
330 2052 428 2114 fnisse
451 2051 547 2115 ctiam
569 2052 687 2117 πίνακα
712 2057 931 2117 παντοδαπῶν
955 2053 1217 2132 τυγγραμμάτωνε

67 2185 171 2247 quem
200 2161 337 2226 indicem
366 2161 404 2224 ad
433 2161 518 2244 ipsos
547 2161 670 2226 codices
700 2161 857 2224 miscellos
884 2165 1028 2244 spectare
1056 2161 1117 2225 sibi
1149 2183 1218 2245 per-

67 2272 188 2336 suasit.
219 2270 338 2335 Verum
368 2271 453 2334 errim
481 2291 556 2334 vero
582 2271 679 2355 longe
707 2271 771 2334 alia
796 2271 878 2333 ratio
901 2275 949 2333 cst
970 2270 1055 2334 illius
1077 2272 1218 2336 πίνακοτ.

67 2381 151 2445 Non
177 2381 262 2444 enim
284 2403 304 2443 a
325 2381 447 2444 formae
470 2380 728 2464 condicionisque
751 2383 901 2442 externae
928 2379 1112 2442 diversitate
1136 2380 1218 2443 codi-

68 2513 147 2554 cum
184 2489 360 2574 profectam
394 2511 462 2570 esse
496 2489 584 2552 illam
612 2491 757 2555 πινάκων
789 2489 1060 2570 distributionem,
1095 2489 1150 2552 sed
1178 2491 1219 2554 ab

67 2601 218 2683 ipsorum
240 2597 411 2683 generibus
433 2601 708 2682 argumentorum,
733 2619 803 2662 curn
826 2598 959 2661 aliorum
982 2599 1219 2682 comparatione

68 2710 224 2774 πινάκων
240 2707 454 2792 intellegitur:
470 2708 732 2791 quemadmodum
748 2708 870 2772 exstitit
885 2708 978 2774 πίναξ
994 2708 1057 2792 (vel
1074 2709 1217 2794 uiseret)

68 2825 140 2884 τῶν
158 2818 285 2896 νόμων,
307 2818 401 2883 πίναξ
417 2817 496 2902 (sive
511 2818 698 2900 ἀναγραφὴ)
713 2822 779 2883 τῶν
796 2817 987 2898 ῥητορικῶν,
1008 2819 1136 2884 πίνακετ
1151 2823 1218 2886 τῶν

69 2933 222 3008 ποιητῶν
244 2929 493 3010 (διδαακαλιῶνλ
518 2931 585 2990 tum
609 2927 724 2992 certius
747 2926 898 2991 etiamen
921 2927 1054 2990 servatis
1070 2933 1129 2992 τοῦ
1152 2932 1218 2993 τῶν

68 3041 297 3103 παντοδαπῶν
319 3036 511 3100 testimoniis
534 3041 677 3120 apparet.
723 3035 908 3100 Athenaeus
937 3035 1013 3100 xlv
1036 3059 1066 3120 p.
1091 3039 1152 3100 843
1175 3043 1217 3102 E:

68 3147 151 3213 olba
174 3148 282 3211 δὲκαὶ
305 3147 505 3224 Καλλίμαχον
527 3147 563 3211 ἐν
584 3153 630 3232 τῷ
652 3150 717 3211 τῶν
734 3151 953 3212 παντοδαπῶν
968 3147 1218 3228 ευγγραμμὰτων

67 3258 184 3322 πίνακι
207 3255 441 3336 ἀναγράψαντα
455 3257 748 3321 πλακουντοποιικὰ
770 3257 991 3336 τυγγράμματα
1007 3257 1145 3336 Αἰγιμίου
1168 3259 1218 3322 καλ

67 3369 274 3445 Ἠγηείππου
301 3366 351 3428 καὶ
374 3365 572 3445 Μητροβίου,
601 3367 646 3430 ἔτι
673 3367 708 3430 δὲ
731 3365 859 3430 Φαίτου.
906 3366 1050 3449 Apparet
1070 3387 1135 3430 non
1163 3365 1218 3430 ha-

67 3476 182 3539 buisse
206 3473 437 3538 Callimachum
444 3523 453 3556 ,
477 3475 527 3538 oui
550 3477 656 3538 certae
679 3474 772 3538 classi
794 3474 889 3558 talia,
913 3474 1019 3558 qualia
1042 3479 1117 3538 sunt
1138 3479 1217 3540 πλα·

67 3585 319 3659 κουντοποιικά,
348 3583 518 3666 tribueret,
548 3605 619 3648 cum
641 3607 701 3648 nec
723 3585 757 3648 in
785 3584 944 3649 historicis
972 3589 1080 3668 posset
1101 3606 1161 3648 nec
1182 3585 1217 3648 in

68 3691 306 3778 philosophicis
329 3713 388 3756 nec
411 3692 445 3756 in
468 3692 634 3757 rhetoricis
657 3693 748 3758 libris
770 3693 847 3756 satis
870 3697 944 3776 apte
965 3693 1095 3758 referre.
1136 3695 1217 3760 Oen-

68 3803 153 3866 iecit
176 3800 276 3884 igitur
303 3823 367 3864 una
395 3823 467 3866 cum
493 3802 638 3886 reliquis,
667 3803 754 3868 ὅκοι(
782 3807 923 3869 δεῖπνα
948 3805 1094 3884 ἐγράφθη
1122 3802 1214 3888 (Ath.

67 3910 120 3974 vl
145 3932 178 3993 p.
202 3909 265 3973 244
288 3911 344 3994 A),
373 3911 408 3973 in
431 3932 595 3975 commune
624 3911 751 3996 aliquod
773 3916 806 3977 et
827 3912 1111 3976 diversissimorum
1134 3933 1216 3976 com-

68 4019 306 4084 mentariorum
335 4041 435 4103 capax
467 4025 628 4102 horreum,
658 4023 740 4105 qnod
763 4024 955 4088 παντοδαπά
977 4021 1155 4104 inscripsit:
1185 4019 1215 4083 id

69 4129 160 4214 qnod
190 4129 258 4192 fieri
286 4129 441 4214 hodieque
469 4130 619 4194 videmus.
670 4131 708 4194 In
741 4131 796 4194 illo
829 4131 928 4215 igitur
963 4130 1117 4194 collocata
1148 4152 1215 4194 csse

70 4239 176 4302 ctiam
198 4237 383 4302 brevissima
405 4239 566 4303 volumina
589 4243 759 4323 potuerunt
775 4263 833 4304 nee
851 4241 914 4304 nisi
930 4261 1026 4304 unam
1047 4239 1215 4323 scriptiun-

72 4349 182 4412 culam
206 4341 385 4430 complexa,
409 4353 445 4412 nt
461 4348 711 4434 Chaerephontis
734 4350 788 4414 ille
804 4351 960 4432 llyrcbion
984 4348 1068 4432 apud
1093 4348 1168 4412 Atb.
1193 4350 1214 4413 l.
