2976 5140
273 308 335 374 632
658 325 704 370 or.
728 321 797 369 ono
822 323 865 368 uu
889 322 1031 370 οιιιοκα.

273 501 344 542 rum
377 499 524 558 numero,
558 499 653 560 quas,
683 482 719 540 ut
752 499 809 559 per
841 477 930 538 varia
961 479 1045 556 πάθη
1079 478 1256 562 derivatas,
1288 479 1323 541 ad
1346 480 1388 562 ori

274 593 346 670 περὶ
373 590 495 653 πόθου(
524 588 768 651 commentarios
798 587 917 650 referre
939 588 1057 670 possis,
1088 588 1276 672 easdemque
1301 589 1331 652 in
1349 592 1390 668 όρ-

274 701 436 782 θογραφίᾳ
458 699 564 782 potius
588 697 716 761 colloco.
763 697 861 760 Velut
887 701 1115 762 δειπνιετόε
1143 699 1196 761 Et.
1222 699 1264 762 M.
1287 721 1316 782 p.
1336 700 1391 778 262,

274 812 331 873 47:
354 811 503 888 περιεεόν
525 811 563 872 τὸ
587 829 616 872 c·
640 810 692 872 διά
713 813 771 872 τοῦ
795 831 803 872 ι
826 810 996 889 γράψειαν
1019 809 1084 874 ἀπὸ
1106 814 1165 873 τοῦ
1188 811 1329 875 δειπνίζω
1348 815 1393 873 δει·

277 920 413 985 πνιετόε.
465 920 572 997 Ὦρος,
624 917 767 993 Quocum
800 918 899 1000 iungo
932 918 971 981 de
1002 921 1130 1001 νήφω,
1163 921 1266 1000 νείφω
1297 919 1394 981 tradita

276 1053 307 1113 p.
332 1029 405 1110 605,
430 1029 482 1092 38.
528 1029 610 1091 Item
633 1028 812 1092 είλίπου(
835 1051 866 1110 p.
890 1029 964 1110 299,
988 1028 1046 1092 26:
1075 1031 1169 1108 φηείν
1198 1030 1331 1108 ὁὨροε
1350 1030 1394 1097 ὅτι,

277 1141 340 1205 εἴτε
369 1141 434 1204 ἀπὸ
462 1143 521 1203 τοῦ
550 1139 624 1203 είλῶ
652 1140 788 1215 γέγονεν
817 1141 836 1217 ἢ
865 1139 1012 1203 ἀπὸτοῦ
1036 1140 1172 1214 είλίεεω,
1202 1140 1335 1205 εἰλίπουε
1358 1141 1396 1202 διὰ

276 1255 336 1315 τοῦ
360 1272 369 1312 ι
391 1274 398 1312 :
423 1249 493 1311 coll.
519 1248 601 1312 Gud.
627 1271 657 1331 p.
685 1249 755 1329 165,
779 1249 830 1312 50.
876 1248 967 1310 Adde
990 1247 1068 1312 Zon.
1098 1272 1129 1331 p.
1157 1250 1212 1313 131
1245 1251 1348 1314 ἅλιον
1369 1251 1396 1311 τό

280 1361 425 1440 μάταιον,
450 1380 460 1422 ι
482 1382 489 1421 :
513 1380 594 1441 qnae
610 1359 709 1438 Ὠροε
732 1358 861 1421 nomine
884 1357 1009 1442 adauge
1032 1380 1071 1421 ex
1092 1359 1145 1422 Et.
1170 1360 1214 1422 M.
1240 1383 1270 1442 p.
1293 1360 1338 1440 64,
1357 1359 1395 1422 36.

278 1469 461 1552 Eodemque
489 1468 635 1530 fortassis
668 1469 808 1550 pertinet
837 1468 979 1547 ὅμιλοε
1001 1491 1033 1551 p.
1057 1469 1135 1550 623,
1159 1469 1201 1533 59
1231 1454 1285 1531 ant
1305 1468 1342 1531 ab
1359 1469 1396 1544 ίλη

278 1579 452 1662 repetitum
474 1582 530 1641 aut
553 1579 593 1640 ab
616 1579 768 1642 εἰλεῖεθαι.
782 1617 825 1626 -
840 1577 902 1642 sed
925 1578 1015 1641 labor
1038 1580 1072 1642 in
1096 1580 1309 1643 coniecturam
1330 1579 1397 1661 prins

279 1711 374 1772 qnam
410 1689 586 1751 certissima
621 1688 763 1750 omnium
798 1687 971 1750 attulerim.
1024 1689 1072 1752 Αο
1105 1689 1143 1752 de
1175 1694 1293 1769 ξεῑριε
1323 1692 1399 1766 ξίριι

279 1799 438 1881 scriptura
461 1798 627 1862 dicebatur
650 1803 680 1878 ξ.
707 1799 756 1878 19,
781 1798 819 1860 de
841 1804 1110 1878 γραμματεῖον
1134 1803 1154 1878 ξ
1177 1800 1230 1861 21.
1273 1797 1399 1861 Eiusdem

280 1909 364 1972 modi
387 1908 533 1970 fortassis
551 1910 860 1987 λειρόφθαλμοε,
884 1931 956 1970 oum
978 1909 1108 1976 ἀνθῶν
1131 1913 1163 1972 et
1185 1909 1335 1973 ἀνθέων
1353 1907 1399 1970 for·

279 2019 340 2082 mis
364 2041 380 2080 e
403 2018 493 2100 Zoro,
519 2017 613 2100 Gud,
638 2018 732 2080 Κοίὲκ.
756 2018 874 2080 ibidem
897 2018 1030 2100 prolatis
1059 2019 1105 2081 sie
1132 2019 1278 2082 iunctum
1303 2019 1335 2081 in
1353 2016 1399 2078 Gu-
1471 2067 1472 2104 ,

280 2128 392 2192 diano:
429 2129 455 2192 εἰ
482 2132 539 2207 μὲν
568 2128 707 2206 εημαίνει
738 2130 797 2195 τὸν
825 2133 985 2207 προεηνῆ,
1007 2131 1070 2200 ίδιὰ
1099 2133 1155 2206 τῆε
1188 2150 1216 2193 ει
1249 2129 1400 2209 διφθόγγου
1471 2111 1472 2126 ³

279 2240 452 2320 γράφεται,
483 2240 569 2317 παρὰ
598 2240 635 2303 τὸ
664 2239 799 2320 λείριον,
829 2239 848 2301 ὃ
878 2239 1016 2317 εημαίνει
1044 2241 1081 2302 τὸ
1104 2239 1213 2304 ἄνθος.
1257 2239 1283 2303 εἰ
1309 2241 1340 2302 δὲ
1358 2239 1400 2300 τόν

281 2351 411 2428 ἀναιδῆ,
435 2350 486 2413 διὰ
507 2353 566 2413 τοίι
590 2369 615 2412 ι·
639 2349 726 2428 παρὰ
748 2350 785 2412 τὸ
809 2349 896 2426 λιρόε
918 2350 980 2428 γάρ
1003 2349 1075 2431 ἐετι,
1100 2354 1199 2414 τοῦτο
1222 2351 1258 2414 δὲ
1279 2350 1356 2426 παρὰ
1373 2347 1401 2408 τό

281 2461 352 2524 λίαν
381 2461 470 2540 δρᾶν.
520 2461 603 2535 λέγει
631 2461 666 2523 δὲ
694 2459 809 2541 Ὠροε,
845 2458 894 2524 ότι
927 2459 966 2523 οὐ
999 2465 1066 2524 τῶν
1093 2461 1202 2525 ἀνθῶν
1231 2464 1278 2524 δεῖ
1309 2459 1400 2532 λέγειν,

283 2571 366 2633 ἀλλὰ
388 2575 454 2635 τῶν
471 2570 598 2634 ἀνθέων
621 2592 646 2632 κ.
662 2592 687 2633 τ.
704 2573 742 2648 λ.,
765 2569 866 2631 multo
889 2569 987 2632 etiam
1010 2570 1115 2652 aptius
1138 2570 1274 2654 ligatum
1297 2566 1399 2630 inExc.

282 2679 394 2743 Κόθος
425 2681 543 2759 λείριον
571 2681 608 2743 τὸ
637 2680 751 2760 ἀνθοε,
782 2681 831 2742 καὶ
857 2681 983 2758 λειρίων
1010 2681 1048 2745 τὸ
1079 2681 1197 2747 ἀνθῶν.
1243 2676 1400 2754 λέγειδὲὸ
1472 2669 1473 2742 Ῑ

284 2791 397 2869 Ὥροε,
422 2792 461 2854 οὐ
484 2795 531 2854 δεῐ
554 2791 657 2864 λέγειν
681 2794 746 2854 τῶν
770 2790 896 2872 ἀνθῶν,
921 2789 1003 2853 ἀλλά
1026 2813 1050 2853 κ.
1073 2813 1097 2854 τ.
1121 2793 1147 2852 λ.
1186 2789 1345 2853 Simillirna
1364 2806 1400 2846 κε·-
1472 2823 1473 2832 .

285 2902 401 2963 corlant
428 2901 518 2963 haee.
575 2901 764 2978 Ἀνδρεία
798 2904 894 2964 τοῦτο
930 2902 965 2963 δ“ε
999 2902 1218 2965 Ἀπολλώνιο(
1252 2901 1301 2963 διὰ
1325 2900 1400 2961 τοιίι

284 3011 411 3091 γράφει,
436 3012 454 3074 ὁ
477 3013 511 3075 δέ
527 3011 625 3089 Ὥροε
649 3011 700 3073 διὰ
722 3015 777 3087 τῆ(
800 3032 826 3074 ει
849 3011 1040 3092 διφθόγγοο;
1064 3009 1206 3072 Zonaras
1229 3033 1261 3093 p.
1277 3008 1342 3086 462,
1361 3003 1399 3066 Et.

286 3120 329 3182 111.
360 3143 391 3201 p.
415 3121 491 3200 461,
521 3122 579 3201 55,
614 3119 758 3182 Philemo
787 3143 817 3202 p.
842 3121 893 3184 39.
922 3159 964 3168 -
991 3121 1081 3195 Λέγει
1110 3123 1145 3184 δὲ
1173 3121 1287 3202 Ὠροε,
1314 3113 1401 3181 ὅτιτὸ

286 3231 428 3310 ίδικόν,
458 3231 549 3307 ἡνίκα
571 3233 628 3307 μὲν
652 3231 790 3308 εημαίνει
812 3232 849 3294 τὸ
873 3229 960 3294 είδοε
990 3231 1061 3294 οἷον
1083 3232 1180 3305 γένοε
1209 3230 1308 3313 (είδοε
1328 3245 1402 3309 praa

235 3358 267 3404 ιι
287 3340 453 3423 iteratur),
483 3341 632 3405 εἰδικόν
661 3343 712 3403 διὰ
744 3345 800 3417 τῆς
829 3363 854 3404 ει
883 3342 1077 3421 διφθόγγου,
1105 3341 1197 3418 ἡνίκα
1226 3342 1260 3404 δέ
1286 3341 1320 3403 τὸ
1339 3336 1400 3398 ἴδιοι

288 3451 360 3515 οἷον
393 3449 456 3534 lod]
487 3453 614 3531 κοινόν,
647 3451 744 3515 ίδικόν
773 3452 824 3514 διὰ
854 3456 913 3514 τοῦ
942 3472 965 3514 ιε
994 3450 1047 3513 ut.
1078 3450 1122 3513 M.
1152 3473 1183 3532 p.
1208 3451 1285 3530 295,
1306 3447 1350 3511 38.
1371 3477 1401 3490 -

287 3563 436 3640 Ἐριθοε
458 3582 516 3608 -·
545 3563 647 3625 ίετέον
676 3564 711 3625 δὲ
740 3561 787 3624 ότι
816 3564 911 3642 φηεὶν
939 3562 957 3624 ὁ
981 3563 1079 3639 Ὠροε
1109 3561 1223 3640 όμοιον
1251 3560 1325 3625 εἶναι
1343 3552 1401 3618 κατὰ

287 3674 345 3750 τὴν
367 3673 496 3751 γραφὴν
520 3673 569 3734 καὶ
591 3674 629 3734 τὸ
651 3673 820 3734 λέκιθοι·
843 3671 982 3749 εημαίνει
1005 3674 1039 3735 δὲ
1061 3673 1118 3735 τόν
1139 3673 1257 3749 κρόκον
1276 3673 1329 3733 τοῦ
1342 3667 1399 3728 dou

287 3781 325 3844 τὸ
349 3782 518 3859 δὲέριθοε
546 3782 564 3844 δ
593 3783 735 3860 τεχνικός
758 3783 904 3846 Ἀλεξίων
933 3783 984 3845 διὰ
1011 3786 1067 3858 τῆ(
1095 3802 1121 3844 ει
1149 3783 1322 3860 διφθόγγου
1345 3774 1401 3850 pu-

289 3913 359 3973 φει,
389 3892 467 3967 ἡδὲ
489 3893 663 3968 παράδοειε
692 3894 743 3955 διὰ
770 3897 828 3955 τοῦ
852 3914 876 3954 1:
905 3891 957 3954 Et.
983 3890 1065 3954 Gud.
1089 3912 1121 3972 p.
1145 3891 1225 3972 206,
1248 3891 1297 3970 31,
1322 3881 1400 3949 Paris.

290 4025 320 4083 p.
346 4001 424 4082 861,
454 4000 546 4062 Κοίῑκ.
577 4023 607 4082 p.
635 4001 710 4082 191,
734 4004 764 4064 3.
799 4041 840 4049 —-
870 4002 1044 4080 Κιβωτόε
1071 4022 1127 4048 -·
1156 4002 1274 4081 ὤφειλε
1304 3998 1348 4060 διὰ
1369 3997 1400 4054 λι·

290 4113 453 4192 φθόγγου,
478 4113 587 4189 ἐπειδὴ
609 4113 696 4190 παρὰ
719 4113 756 4176 τὸ
778 4116 893 4176 κεῐεθαι
916 4113 980 4176 έκεῑ
1001 4115 1059 4190 τήν
1082 4116 1199 4192 βρῶειν
1222 4104 1400 4194 (βόεινΖι-ιιι.1

291 4221 422 4298 εἴρηται·
446 4223 520 4284 ἀλλ’
543 4225 560 4300 ἡ
585 4223 757 4300 παράδοειε
780 4223 817 4286 τὸ
841 4244 850 4284 ι
872 4223 949 4300 ἔχει·
977 4224 1027 4286 καί
1049 4224 1133 4297 λέγει
1155 4221 1253 4300 Ὥροε
1274 4219 1304 4302 (ὁ
1324 4211 1400 4282 Μιλή-

292 4351 357 4394 croc
381 4329 479 4392 Paris.
505 4355 535 4414 p.
561 4332 633 4412 919,
658 4331 768 4414 Zeu),
793 4332 840 4396 ὅτι
862 4332 937 4396 ίεωε
960 4335 1046 4411 παρὰ
1069 4334 1107 4397 τὸ
1130 4333 1217 4412 κίβοε
1237 4329 1294 4394 teri
1313 4326 1343 4388 τό
1361 4339 1398 4390 (α
