<?xml version="1.0" encoding="UTF-8"?>
<!DOCTYPE html PUBLIC "-//W3C//DTD XHTML 1.0 Transitional//EN"
    "http://www.w3.org/TR/xhtml1/DTD/xhtml1-transitional.dtd">
<html xmlns="http://www.w3.org/1999/xhtml" xml:lang="en" lang="en">
 <head>
  <title>
</title>
<meta http-equiv="Content-Type" content="text/html;charset=utf-8" />
  <meta name='ocr-system' content='tesseract 3.04.00' />
  <meta name='ocr-capabilities' content='ocr_page ocr_carea ocr_par ocr_line ocrx_word'/>
</head>
<body>
  <div class='ocr_page' id='page_1' title='image "./fridericiritsch04ritsgoog_0494.png"; bbox 0 0 2952 5132; ppageno 0'>
   <div class='ocr_carea' id='block_1_1' title="bbox 417 395 1192 470">
    <p class='ocr_par' dir='ltr' id='par_1_1' title="bbox 417 395 1192 470">
     <span class='ocr_line' id='line_1_1' title="bbox 417 395 1192 470; baseline -0.008 -2"><span class='ocrx_word' id='word_1_1' title='bbox 417 420 537 469; x_wconf 83' lang='lat' dir='ltr'>aaavu</span> <span class='ocrx_word' id='word_1_2' title='bbox 564 417 823 470; x_wconf 79' lang='lat' dir='ltr'>scarrronravs.</span> <span class='ocrx_word' id='word_1_3' title='bbox 1130 395 1192 462; x_wconf 80' lang='grc'>467</span> 
     </span>
    </p>
   </div>
   <div class='ocr_carea' id='block_1_2' title="bbox 67 567 1193 768">
    <p class='ocr_par' dir='ltr' id='par_1_2' title="bbox 67 567 1193 768">
     <span class='ocr_line' id='line_1_2' title="bbox 67 567 1193 657; baseline -0.004 -21"><span class='ocrx_word' id='word_1_4' title='bbox 67 574 177 637; x_wconf 87' lang='lat' dir='ltr'>narrari</span> <span class='ocrx_word' id='word_1_5' title='bbox 204 573 299 638; x_wconf 89' lang='lat' dir='ltr'>facile</span> <span class='ocrx_word' id='word_1_6' title='bbox 327 573 497 657; x_wconf 77' lang='lat' dir='ltr'>persuadet</span> <span class='ocrx_word' id='word_1_7' title='bbox 524 571 677 637; x_wconf 87' lang='lat' dir='ltr'>historiae</span> <span class='ocrx_word' id='word_1_8' title='bbox 704 572 793 635; x_wconf 89' lang='lat' dir='ltr'>fides.</span> <span class='ocrx_word' id='word_1_9' title='bbox 839 569 995 653; x_wconf 78' lang='lat' dir='ltr'>Spectant</span> <span class='ocrx_word' id='word_1_10' title='bbox 1022 567 1109 632; x_wconf 89' lang='lat' dir='ltr'>enim</span> <span class='ocrx_word' id='word_1_11' title='bbox 1137 567 1193 632; x_wconf 89' lang='lat' dir='ltr'>illa</span> 
     </span>
     <span class='ocr_line' id='line_1_3' title="bbox 68 677 1192 768; baseline -0.005 -21"><span class='ocrx_word' id='word_1_12' title='bbox 68 684 100 747; x_wconf 88' lang='lat' dir='ltr'>ad</span> <span class='ocrx_word' id='word_1_13' title='bbox 123 685 235 768; x_wconf 84' lang='lat' dir='ltr'>olymp.</span> <span class='ocrx_word' id='word_1_14' title='bbox 263 686 338 767; x_wconf 88' lang='lat'>111,</span> <span class='ocrx_word' id='word_1_15' title='bbox 361 685 398 766; x_wconf 78' lang='lat'>2,</span> <span class='ocrx_word' id='word_1_16' title='bbox 436 705 497 768; x_wconf 90' lang='lat' dir='ltr'>quo</span> <span class='ocrx_word' id='word_1_17' title='bbox 531 706 616 747; x_wconf 90' lang='lat' dir='ltr'>anno</span> <span class='ocrx_word' id='word_1_18' title='bbox 649 682 690 746; x_wconf 89' lang='lat' dir='ltr'>ab</span> <span class='ocrx_word' id='word_1_19' title='bbox 723 679 974 745; x_wconf 76' lang='lat' dir='ltr'><strong>Atheniensibus</strong></span> <span class='ocrx_word' id='word_1_20' title='bbox 1011 679 1073 744; x_wconf 92' lang='lat' dir='ltr'>sibi</span> <span class='ocrx_word' id='word_1_21' title='bbox 1109 677 1192 742; x_wconf 91' lang='lat' dir='ltr'>tradi</span> 
     </span>
    </p>
   </div>
   <div class='ocr_carea' id='block_1_3' title="bbox 46 789 1239 4188">
    <p class='ocr_par' dir='ltr' id='par_1_3' title="bbox 46 789 1239 4188">
     <span class='ocr_line' id='line_1_4' title="bbox 67 789 1194 874; baseline -0.004 -18"><span class='ocrx_word' id='word_1_22' title='bbox 67 794 235 860; x_wconf 79' lang='lat' dir='ltr'>Alexander</span> <span class='ocrx_word' id='word_1_23' title='bbox 272 815 344 859; x_wconf 91' lang='lat' dir='ltr'>cum</span> <span class='ocrx_word' id='word_1_24' title='bbox 381 794 453 858; x_wconf 88' lang='lat' dir='ltr'>aliis</span> <span class='ocrx_word' id='word_1_25' title='bbox 490 793 668 858; x_wconf 90' lang='lat' dir='ltr'>oratoribus</span> <span class='ocrx_word' id='word_1_26' title='bbox 704 791 953 857; x_wconf 81' lang='lat' dir='ltr'>Demosthenem</span> <span class='ocrx_word' id='word_1_27' title='bbox 992 789 1102 866; x_wconf 81' lang='lat' dir='ltr'>iussit,</span> <span class='ocrx_word' id='word_1_28' title='bbox 1139 789 1194 874; x_wconf 90' lang='lat' dir='ltr'>qui</span> 
     </span>
     <span class='ocr_line' id='line_1_5' title="bbox 66 899 1193 988; baseline -0.002 -22"><span class='ocrx_word' id='word_1_29' title='bbox 66 908 174 970; x_wconf 88' lang='lat' dir='ltr'>mortuo</span> <span class='ocrx_word' id='word_1_30' title='bbox 194 905 345 988; x_wconf 92' lang='lat' dir='ltr'>Philippo</span> <span class='ocrx_word' id='word_1_31' title='bbox 373 903 537 969; x_wconf 82' lang='lat' dir='ltr'><strong>exsultans</strong></span> <span class='ocrx_word' id='word_1_32' title='bbox 559 903 772 968; x_wconf 85' lang='lat' dir='ltr'>delectionem</span> <span class='ocrx_word' id='word_1_33' title='bbox 798 903 950 967; x_wconf 87' lang='lat' dir='ltr'>suasisset</span> <span class='ocrx_word' id='word_1_34' title='bbox 977 899 1131 984; x_wconf 88' lang='lat' dir='ltr'>huiusque</span> <span class='ocrx_word' id='word_1_35' title='bbox 1158 900 1193 964; x_wconf 91' lang='lat' dir='ltr'>in</span> 
     </span>
     <span class='ocr_line' id='line_1_6' title="bbox 67 1010 1193 1080; baseline -0.004 -3"><span class='ocrx_word' id='word_1_36' title='bbox 67 1014 285 1080; x_wconf 78' lang='lat' dir='ltr'>adulescentem</span> <span class='ocrx_word' id='word_1_37' title='bbox 316 1035 529 1079; x_wconf 81' lang='lat' dir='ltr'>successorem</span> <span class='ocrx_word' id='word_1_38' title='bbox 559 1035 630 1078; x_wconf 88' lang='lat' dir='ltr'>cum</span> <span class='ocrx_word' id='word_1_39' title='bbox 659 1014 723 1078; x_wconf 89' lang='lat' dir='ltr'>alia</span> <span class='ocrx_word' id='word_1_40' title='bbox 746 1013 886 1078; x_wconf 85' lang='lat' dir='ltr'>convitia</span> <span class='ocrx_word' id='word_1_41' title='bbox 909 1010 1098 1076; x_wconf 87' lang='lat' dir='ltr'>coniecisset</span> <span class='ocrx_word' id='word_1_42' title='bbox 1125 1013 1193 1073; x_wconf 92' lang='lat' dir='ltr'>tum</span> 
     </span>
     <span class='ocr_line' id='line_1_7' title="bbox 68 1121 1194 1209; baseline -0.003 -22"><span class='ocrx_word' id='word_1_43' title='bbox 68 1126 259 1209; x_wconf 79' lang='lat' dir='ltr'>contemptim</span> <span class='ocrx_word' id='word_1_44' title='bbox 282 1147 353 1190; x_wconf 87' lang='lat' dir='ltr'>enm</span> <span class='ocrx_word' id='word_1_45' title='bbox 376 1125 538 1206; x_wconf 64' lang='grc' dir='ltr'>Μαργίτης</span> <span class='ocrx_word' id='word_1_46' title='bbox 568 1125 697 1188; x_wconf 88' lang='lat' dir='ltr'>nominc</span> <span class='ocrx_word' id='word_1_47' title='bbox 720 1127 878 1188; x_wconf 89' lang='lat' dir='ltr'>notasset:</span> <span class='ocrx_word' id='word_1_48' title='bbox 908 1122 1043 1186; x_wconf 87' lang='lat' dir='ltr'>testibus</span> <span class='ocrx_word' id='word_1_49' title='bbox 1066 1121 1194 1206; x_wconf 91' lang='lat' dir='ltr'>quidem</span> 
     </span>
     <span class='ocr_line' id='line_1_8' title="bbox 66 1231 1193 1316; baseline -0.002 -20"><span class='ocrx_word' id='word_1_50' title='bbox 66 1233 221 1299; x_wconf 86' lang='lat' dir='ltr'>Plutarcho</span> <span class='ocrx_word' id='word_1_51' title='bbox 244 1236 278 1300; x_wconf 90' lang='lat' dir='ltr'>in</span> <span class='ocrx_word' id='word_1_52' title='bbox 301 1237 368 1299; x_wconf 80' lang='lat' dir='ltr'>vita</span> <span class='ocrx_word' id='word_1_53' title='bbox 391 1235 482 1299; x_wconf 89' lang='lat' dir='ltr'>Dem.</span> <span class='ocrx_word' id='word_1_54' title='bbox 508 1257 534 1299; x_wconf 91' lang='lat' dir='ltr'>c.</span> <span class='ocrx_word' id='word_1_55' title='bbox 551 1235 593 1300; x_wconf 79' lang='lat'>23</span> <span class='ocrx_word' id='word_1_56' title='bbox 616 1239 656 1298; x_wconf 89' lang='lat' dir='ltr'>et</span> <span class='ocrx_word' id='word_1_57' title='bbox 671 1233 831 1298; x_wconf 84' lang='lat' dir='ltr'>Aeschine</span> <span class='ocrx_word' id='word_1_58' title='bbox 854 1233 926 1298; x_wconf 86' lang='lat' dir='ltr'>adv.</span> <span class='ocrx_word' id='word_1_59' title='bbox 951 1231 1193 1316; x_wconf 85' lang='lat' dir='ltr'>Ctesiphontem</span> 
     </span>
     <span class='ocr_line' id='line_1_9' title="bbox 66 1341 1193 1429; baseline -0.003 -22"><span class='ocrx_word' id='word_1_60' title='bbox 66 1345 157 1423; x_wconf 73' lang='lat'>§160</span> <span class='ocrx_word' id='word_1_61' title='bbox 184 1369 215 1429; x_wconf 92' lang='lat' dir='ltr'>p.</span> <span class='ocrx_word' id='word_1_62' title='bbox 238 1345 365 1410; x_wconf 75' lang='grc'><strong>54711.</strong></span> <span class='ocrx_word' id='word_1_63' title='bbox 410 1345 612 1410; x_wconf 84' lang='lat' dir='ltr'>Reconciliat</span> <span class='ocrx_word' id='word_1_64' title='bbox 613 1367 666 1408; x_wconf 91' lang='lat' dir='ltr'>um</span> <span class='ocrx_word' id='word_1_65' title='bbox 694 1344 914 1408; x_wconf 83' lang='lat' dir='ltr'>Alexandrum</span> <span class='ocrx_word' id='word_1_66' title='bbox 941 1341 1132 1408; x_wconf 78' lang='lat' dir='ltr'>Plutarchus</span> <span class='ocrx_word' id='word_1_67' title='bbox 1161 1345 1193 1405; x_wconf 91' lang='lat' dir='ltr'>et</span> 
     </span>
     <span class='ocr_line' id='line_1_10' title="bbox 66 1451 1193 1539; baseline 0 -23"><span class='ocrx_word' id='word_1_68' title='bbox 66 1452 205 1519; x_wconf 86' lang='lat' dir='ltr'>Diodorus</span> <span class='ocrx_word' id='word_1_69' title='bbox 234 1455 346 1539; x_wconf 83' lang='lat' dir='ltr'>XVII</span> <span class='ocrx_word' id='word_1_70' title='bbox 372 1457 411 1522; x_wconf 85' lang='lat'>16</span> <span class='ocrx_word' id='word_1_71' title='bbox 439 1455 623 1520; x_wconf 90' lang='lat' dir='ltr'>aDemade</span> <span class='ocrx_word' id='word_1_72' title='bbox 652 1454 870 1536; x_wconf 89' lang='lat' dir='ltr'>tradiderunt,</span> <span class='ocrx_word' id='word_1_73' title='bbox 904 1457 1015 1518; x_wconf 87' lang='lat' dir='ltr'>ttaceu</span> <span class='ocrx_word' id='word_1_74' title='bbox 1017 1476 1049 1517; x_wconf 91' lang='lat' dir='ltr'>es</span> <span class='ocrx_word' id='word_1_75' title='bbox 1001 1452 1125 1517; x_wconf 91' lang='lat' dir='ltr'>tilli</span> <span class='ocrx_word' id='word_1_76' title='bbox 1154 1451 1193 1516; x_wconf 89' lang='lat' dir='ltr'>de</span> 
     </span>
     <span class='ocr_line' id='line_1_11' title="bbox 65 1563 1191 1650; baseline 0.002 -25"><span class='ocrx_word' id='word_1_77' title='bbox 65 1564 231 1648; x_wconf 79' lang='lat' dir='ltr'>Aristione3</span> <span class='ocrx_word' id='word_1_78' title='bbox 268 1565 324 1630; x_wconf 89' lang='lat' dir='ltr'>sed</span> <span class='ocrx_word' id='word_1_79' title='bbox 358 1565 497 1630; x_wconf 91' lang='lat' dir='ltr'>huius</span> <span class='ocrx_word' id='word_1_80' title='bbox 487 1566 587 1650; x_wconf 83' lang='lat' dir='ltr'>ipsius</span> <span class='ocrx_word' id='word_1_81' title='bbox 625 1587 695 1630; x_wconf 90' lang='lat' dir='ltr'>cum</span> <span class='ocrx_word' id='word_1_82' title='bbox 731 1565 781 1629; x_wconf 87' lang='lat' dir='ltr'>his</span> <span class='ocrx_word' id='word_1_83' title='bbox 818 1565 957 1650; x_wconf 87' lang='lat' dir='ltr'>negotiis</span> <span class='ocrx_word' id='word_1_84' title='bbox 994 1563 1191 1646; x_wconf 83' lang='lat' dir='ltr'>societatem,</span> 
     </span>
     <span class='ocr_line' id='line_1_12' title="bbox 65 1675 1192 1760; baseline 0.002 -24"><span class='ocrx_word' id='word_1_85' title='bbox 65 1695 241 1758; x_wconf 86' lang='lat' dir='ltr'>quamquam</span> <span class='ocrx_word' id='word_1_86' title='bbox 278 1675 406 1740; x_wconf 88' lang='lat' dir='ltr'>silentio</span> <span class='ocrx_word' id='word_1_87' title='bbox 442 1675 619 1760; x_wconf 89' lang='lat' dir='ltr'>Hephaest</span> <span class='ocrx_word' id='word_1_88' title='bbox 610 1697 716 1740; x_wconf 77' lang='lat' dir='ltr'>ionem</span> <span class='ocrx_word' id='word_1_89' title='bbox 752 1675 1027 1758; x_wconf 86' lang='lat' dir='ltr'>praetermittens,</span> <span class='ocrx_word' id='word_1_90' title='bbox 1067 1675 1192 1758; x_wconf 87' lang='lat' dir='ltr'>copiose</span> 
     </span>
     <span class='ocr_line' id='line_1_13' title="bbox 64 1783 1192 1872; baseline 0.004 -27"><span class='ocrx_word' id='word_1_91' title='bbox 64 1783 226 1850; x_wconf 81' lang='lat' dir='ltr'>Aeschines</span> <span class='ocrx_word' id='word_1_92' title='bbox 248 1791 269 1868; x_wconf 63' lang='grc' dir='ltr'>ξ</span> <span class='ocrx_word' id='word_1_93' title='bbox 287 1787 347 1850; x_wconf 85' lang='grc'><strong>162</strong></span> <span class='ocrx_word' id='word_1_94' title='bbox 373 1791 556 1871; x_wconf 86' lang='lat' dir='ltr'>persecutus</span> <span class='ocrx_word' id='word_1_95' title='bbox 579 1789 637 1850; x_wconf 89' lang='lat' dir='ltr'>est</span> <span class='ocrx_word' id='word_1_96' title='bbox 651 1787 682 1872; x_wconf 84' lang='lat'>*)</span> <span class='ocrx_word' id='word_1_97' title='bbox 733 1785 799 1850; x_wconf 80' lang='lat' dir='ltr'>Eas</span> <span class='ocrx_word' id='word_1_98' title='bbox 821 1785 921 1872; x_wconf 83' lang='lat' dir='ltr'>igitur</span> <span class='ocrx_word' id='word_1_99' title='bbox 942 1807 994 1849; x_wconf 92' lang='lat' dir='ltr'>res</span> <span class='ocrx_word' id='word_1_100' title='bbox 1016 1789 1087 1850; x_wconf 90' lang='lat' dir='ltr'>uter</span> <span class='ocrx_word' id='word_1_101' title='bbox 1037 1785 1192 1850; x_wconf 90' lang='lat' dir='ltr'>t-Mar</span> 
     </span>
     <span class='ocr_line' id='line_1_14' title="bbox 64 1895 1192 1982; baseline 0.002 -24"><span class='ocrx_word' id='word_1_102' title='bbox 64 1913 125 1976; x_wconf 76' lang='lat' dir='ltr'>syas</span> <span class='ocrx_word' id='word_1_103' title='bbox 146 1896 200 1960; x_wconf 92' lang='lat' dir='ltr'>ubi</span> <span class='ocrx_word' id='word_1_104' title='bbox 220 1897 370 1961; x_wconf 85' lang='lat' dir='ltr'>tractarit</span> <span class='ocrx_word' id='word_1_105' title='bbox 392 1897 565 1982; x_wconf 89' lang='lat' dir='ltr'>quaeritur.</span> <span class='ocrx_word' id='word_1_106' title='bbox 611 1895 722 1980; x_wconf 90' lang='lat' dir='ltr'>Neque</span> <span class='ocrx_word' id='word_1_107' title='bbox 746 1901 852 1961; x_wconf 87' lang='lat' dir='ltr'>autem</span> <span class='ocrx_word' id='word_1_108' title='bbox 875 1918 984 1960; x_wconf 87' lang='lat' dir='ltr'>earum</span> <span class='ocrx_word' id='word_1_109' title='bbox 1005 1895 1192 1961; x_wconf 87' lang='lat' dir='ltr'>memoriam</span> 
     </span>
     <span class='ocr_line' id='line_1_15' title="bbox 63 2001 1192 2092; baseline 0.004 -26"><span class='ocrx_word' id='word_1_110' title='bbox 63 2001 263 2088; x_wconf 87' lang='lat' dir='ltr'>Harpocratio</span> <span class='ocrx_word' id='word_1_111' title='bbox 284 2010 391 2092; x_wconf 87' lang='lat' dir='ltr'>potest</span> <span class='ocrx_word' id='word_1_112' title='bbox 412 2008 475 2071; x_wconf 92' lang='lat' dir='ltr'>nisi</span> <span class='ocrx_word' id='word_1_113' title='bbox 498 2010 555 2072; x_wconf 88' lang='lat' dir='ltr'>aut</span> <span class='ocrx_word' id='word_1_114' title='bbox 576 2029 614 2072; x_wconf 91' lang='lat' dir='ltr'>ex</span> <span class='ocrx_word' id='word_1_115' title='bbox 632 2007 753 2071; x_wconf 86' lang='lat' dir='ltr'>Pellaei</span> <span class='ocrx_word' id='word_1_116' title='bbox 776 2011 831 2072; x_wconf 92' lang='lat' dir='ltr'>aut</span> <span class='ocrx_word' id='word_1_117' title='bbox 847 2029 884 2070; x_wconf 87' lang='lat' dir='ltr'>ex</span> <span class='ocrx_word' id='word_1_118' title='bbox 901 2005 1118 2091; x_wconf 88' lang='lat' dir='ltr'>Philippensis</span> <span class='ocrx_word' id='word_1_119' title='bbox 1136 2009 1192 2071; x_wconf 87' lang='lat' dir='ltr'>aut</span> 
     </span>
     <span class='ocr_line' id='line_1_16' title="bbox 63 2117 1191 2202; baseline 0.005 -26"><span class='ocrx_word' id='word_1_120' title='bbox 63 2134 94 2176; x_wconf 88' lang='lat' dir='ltr'>ex</span> <span class='ocrx_word' id='word_1_121' title='bbox 114 2117 252 2180; x_wconf 85' lang='lat' dir='ltr'>neutrius</span> <span class='ocrx_word' id='word_1_122' title='bbox 274 2117 490 2182; x_wconf 83' lang='lat' dir='ltr'>Macedonicis</span> <span class='ocrx_word' id='word_1_123' title='bbox 513 2117 667 2182; x_wconf 84' lang='lat' dir='ltr'>hausisse.</span> <span class='ocrx_word' id='word_1_124' title='bbox 713 2117 814 2202; x_wconf 86' lang='lat' dir='ltr'>Atqui</span> <span class='ocrx_word' id='word_1_125' title='bbox 836 2117 982 2181; x_wconf 88' lang='lat' dir='ltr'>Pellaeus</span> <span class='ocrx_word' id='word_1_126' title='bbox 1012 2117 1094 2181; x_wconf 90' lang='lat' dir='ltr'>libro</span> <span class='ocrx_word' id='word_1_127' title='bbox 1122 2139 1191 2201; x_wconf 86' lang='lat' dir='ltr'>sep·</span> 
     </span>
     <span class='ocr_line' id='line_1_17' title="bbox 62 2223 1191 2312; baseline 0.006 -27"><span class='ocrx_word' id='word_1_128' title='bbox 62 2223 129 2288; x_wconf 86' lang='lat' dir='ltr'>timo</span> <span class='ocrx_word' id='word_1_129' title='bbox 149 2229 334 2292; x_wconf 85' lang='lat' dir='ltr'>versabatur</span> <span class='ocrx_word' id='word_1_130' title='bbox 355 2229 389 2293; x_wconf 92' lang='lat' dir='ltr'>in</span> <span class='ocrx_word' id='word_1_131' title='bbox 406 2229 603 2312; x_wconf 85' lang='lat' dir='ltr'>temporibus</span> <span class='ocrx_word' id='word_1_132' title='bbox 620 2227 819 2312; x_wconf 90' lang='lat' dir='ltr'>Philippicis.</span> <span class='ocrx_word' id='word_1_133' title='bbox 859 2225 977 2302; x_wconf 86' lang='lat' dir='ltr'>Quodsi</span> <span class='ocrx_word' id='word_1_134' title='bbox 1000 2227 1191 2312; x_wconf 80' lang='lat' dir='ltr'>largiremur</span> 
     </span>
     <span class='ocr_line' id='line_1_18' title="bbox 62 2332 1191 2424; baseline 0.005 -29"><span class='ocrx_word' id='word_1_135' title='bbox 62 2332 91 2397; x_wconf 91' lang='lat' dir='ltr'>in</span> <span class='ocrx_word' id='word_1_136' title='bbox 109 2336 145 2400; x_wconf 88' lang='lat' dir='ltr'>fr.</span> <span class='ocrx_word' id='word_1_137' title='bbox 169 2336 215 2401; x_wconf 94' lang='lat' dir='ltr'>VI</span> <span class='ocrx_word' id='word_1_138' title='bbox 244 2339 362 2424; x_wconf 78' lang='grc' dir='ltr'>ἑβδόμῃ</span> <span class='ocrx_word' id='word_1_139' title='bbox 391 2343 575 2423; x_wconf 88' lang='lat' dir='ltr'>corruptum</span> <span class='ocrx_word' id='word_1_140' title='bbox 603 2338 690 2403; x_wconf 87' lang='lat' dir='ltr'>velut</span> <span class='ocrx_word' id='word_1_141' title='bbox 712 2359 729 2402; x_wconf 93' lang='lat' dir='ltr'>e</span> <span class='ocrx_word' id='word_1_142' title='bbox 751 2341 877 2422; x_wconf 84' lang='grc' dir='ltr'>πέμπτῃ</span> <span class='ocrx_word' id='word_1_143' title='bbox 906 2359 990 2420; x_wconf 87' lang='lat' dir='ltr'>esse,</span> <span class='ocrx_word' id='word_1_144' title='bbox 1019 2361 1098 2402; x_wconf 89' lang='lat' dir='ltr'>num</span> <span class='ocrx_word' id='word_1_145' title='bbox 1127 2337 1191 2403; x_wconf 89' lang='lat' dir='ltr'>cui-</span> 
     </span>
     <span class='ocr_line' id='line_1_19' title="bbox 61 2447 1239 2534; baseline 0.001 -26"><span class='ocrx_word' id='word_1_146' title='bbox 61 2465 143 2526; x_wconf 89' lang='lat' dir='ltr'>quam</span> <span class='ocrx_word' id='word_1_147' title='bbox 165 2447 314 2512; x_wconf 88' lang='lat' dir='ltr'>credibile</span> <span class='ocrx_word' id='word_1_148' title='bbox 336 2448 498 2513; x_wconf 85' lang='lat' dir='ltr'>videretur</span> <span class='ocrx_word' id='word_1_149' title='bbox 519 2449 658 2534; x_wconf 87' lang='lat' dir='ltr'>quinque</span> <span class='ocrx_word' id='word_1_150' title='bbox 680 2447 773 2513; x_wconf 88' lang='lat' dir='ltr'>libris</span> <span class='ocrx_word' id='word_1_151' title='bbox 797 2448 919 2533; x_wconf 87' lang='lat' dir='ltr'>aliquot</span> <span class='ocrx_word' id='word_1_152' title='bbox 941 2449 1068 2512; x_wconf 87' lang='lat' dir='ltr'>saecula</span> <span class='ocrx_word' id='word_1_153' title='bbox 1091 2448 1239 2514; x_wconf 85' lang='lat' dir='ltr'>histo-11</span> 
     </span>
     <span class='ocr_line' id='line_1_20' title="bbox 60 2554 1193 2644; baseline 0.007 -28"><span class='ocrx_word' id='word_1_154' title='bbox 60 2554 118 2618; x_wconf 86' lang='lat' dir='ltr'>riae</span> <span class='ocrx_word' id='word_1_155' title='bbox 139 2557 364 2623; x_wconf 84' lang='lat' dir='ltr'>Macedonicae</span> <span class='ocrx_word' id='word_1_156' title='bbox 386 2559 421 2623; x_wconf 91' lang='lat' dir='ltr'>in</span> <span class='ocrx_word' id='word_1_157' title='bbox 444 2559 550 2644; x_wconf 88' lang='lat' dir='ltr'>eisque</span> <span class='ocrx_word' id='word_1_158' title='bbox 572 2559 733 2644; x_wconf 85' lang='lat' dir='ltr'>integram</span> <span class='ocrx_word' id='word_1_159' title='bbox 756 2557 898 2642; x_wconf 92' lang='lat' dir='ltr'>Philippi</span> <span class='ocrx_word' id='word_1_160' title='bbox 922 2561 1077 2643; x_wconf 85' lang='lat' dir='ltr'>aetatem,</span> <span class='ocrx_word' id='word_1_161' title='bbox 1101 2559 1193 2644; x_wconf 86' lang='lat' dir='ltr'>quin-</span> 
     </span>
     <span class='ocr_line' id='line_1_21' title="bbox 61 2667 1191 2754; baseline 0.007 -27"><span class='ocrx_word' id='word_1_162' title='bbox 61 2685 112 2746; x_wconf 89' lang='lat' dir='ltr'>que</span> <span class='ocrx_word' id='word_1_163' title='bbox 140 2671 246 2732; x_wconf 87' lang='lat' dir='ltr'>autem</span> <span class='ocrx_word' id='word_1_164' title='bbox 275 2671 309 2732; x_wconf 90' lang='lat' dir='ltr'>et</span> <span class='ocrx_word' id='word_1_165' title='bbox 338 2669 421 2754; x_wconf 91' lang='lat' dir='ltr'>quod</span> <span class='ocrx_word' id='word_1_166' title='bbox 455 2669 595 2734; x_wconf 87' lang='lat' dir='ltr'>excurrit</span> <span class='ocrx_word' id='word_1_167' title='bbox 631 2669 703 2732; x_wconf 88' lang='lat' dir='ltr'>aliis</span> <span class='ocrx_word' id='word_1_168' title='bbox 739 2667 883 2754; x_wconf 80' lang='lat' dir='ltr'>singulos</span> <span class='ocrx_word' id='word_1_169' title='bbox 917 2669 1056 2754; x_wconf 90' lang='lat' dir='ltr'>quinque</span> <span class='ocrx_word' id='word_1_170' title='bbox 1090 2693 1191 2735; x_wconf 88' lang='lat' dir='ltr'>annos</span> 
     </span>
     <span class='ocr_line' id='line_1_22' title="bbox 63 2774 1191 2866; baseline 0.008 -30"><span class='ocrx_word' id='word_1_171' title='bbox 63 2774 224 2841; x_wconf 82' lang='lat' dir='ltr'>Alexandri</span> <span class='ocrx_word' id='word_1_172' title='bbox 246 2779 345 2844; x_wconf 85' lang='lat' dir='ltr'>fuisse</span> <span class='ocrx_word' id='word_1_173' title='bbox 369 2778 635 2863; x_wconf 80' lang='lat' dir='ltr'>comprehensos?</span> <span class='ocrx_word' id='word_1_174' title='bbox 668 2777 866 2863; x_wconf 86' lang='lat' dir='ltr'>Quamquam</span> <span class='ocrx_word' id='word_1_175' title='bbox 888 2801 931 2843; x_wconf 88' lang='lat' dir='ltr'>ue</span> <span class='ocrx_word' id='word_1_176' title='bbox 944 2781 1050 2863; x_wconf 88' lang='lat' dir='ltr'>potuit</span> <span class='ocrx_word' id='word_1_177' title='bbox 1065 2781 1191 2866; x_wconf 87' lang='lat' dir='ltr'>quidem</span> 
     </span>
     <span class='ocr_line' id='line_1_23' title="bbox 59 2883 1190 2973; baseline 0.007 -27"><span class='ocrx_word' id='word_1_178' title='bbox 59 2883 115 2948; x_wconf 91' lang='lat' dir='ltr'>ullo</span> <span class='ocrx_word' id='word_1_179' title='bbox 140 2887 232 2953; x_wconf 92' lang='lat' dir='ltr'>modo</span> <span class='ocrx_word' id='word_1_180' title='bbox 254 2889 340 2972; x_wconf 89' lang='lat' dir='ltr'>fieri,</span> <span class='ocrx_word' id='word_1_181' title='bbox 370 2893 406 2953; x_wconf 89' lang='lat' dir='ltr'>ut</span> <span class='ocrx_word' id='word_1_182' title='bbox 427 2911 508 2973; x_wconf 90' lang='lat' dir='ltr'>qnae</span> <span class='ocrx_word' id='word_1_183' title='bbox 530 2892 563 2954; x_wconf 89' lang='lat' dir='ltr'>et</span> <span class='ocrx_word' id='word_1_184' title='bbox 585 2893 734 2954; x_wconf 83' lang='lat' dir='ltr'>essente</span> <span class='ocrx_word' id='word_1_185' title='bbox 717 2889 1023 2954; x_wconf 87' lang='lat' dir='ltr'>etinscriberentur</span> <span class='ocrx_word' id='word_1_186' title='bbox 1044 2890 1190 2955; x_wconf 76' lang='lat' dir='ltr'>Macedo</span> 
     </span>
     <span class='ocr_line' id='line_1_24' title="bbox 59 2994 1190 3086; baseline 0.007 -30"><span class='ocrx_word' id='word_1_187' title='bbox 59 2994 139 3078; x_wconf 88' lang='lat' dir='ltr'>nica,</span> <span class='ocrx_word' id='word_1_188' title='bbox 162 2997 273 3064; x_wconf 87' lang='lat' dir='ltr'>eadem</span> <span class='ocrx_word' id='word_1_189' title='bbox 294 3001 335 3064; x_wconf 90' lang='grc' dir='ltr'>τὰ</span> <span class='ocrx_word' id='word_1_190' title='bbox 357 3001 428 3080; x_wconf 86' lang='grc' dir='ltr'><strong>περ1</strong></span> <span class='ocrx_word' id='word_1_191' title='bbox 450 3001 660 3080; x_wconf 82' lang='grc' dir='ltr'>Ἀλέξανδρον</span> <span class='ocrx_word' id='word_1_192' title='bbox 682 2999 881 3084; x_wconf 82' lang='lat' dir='ltr'>dicerentur,</span> <span class='ocrx_word' id='word_1_193' title='bbox 905 2999 969 3064; x_wconf 92' lang='lat' dir='ltr'>nisi</span> <span class='ocrx_word' id='word_1_194' title='bbox 991 3001 1036 3066; x_wconf 91' lang='lat' dir='ltr'>sic</span> <span class='ocrx_word' id='word_1_195' title='bbox 1058 3005 1094 3065; x_wconf 90' lang='lat' dir='ltr'>ut</span> <span class='ocrx_word' id='word_1_196' title='bbox 1115 3023 1190 3086; x_wconf 90' lang='lat' dir='ltr'>pars</span> 
     </span>
     <span class='ocr_line' id='line_1_25' title="bbox 58 3047 1189 3194; baseline 0.007 -27"><span class='ocrx_word' id='word_1_197' title='bbox 58 3047 174 3170; x_wconf 82' lang='lat' dir='ltr'>tantdm</span> <span class='ocrx_word' id='word_1_198' title='bbox 196 3109 322 3172; x_wconf 88' lang='lat' dir='ltr'>illorum</span> <span class='ocrx_word' id='word_1_199' title='bbox 345 3131 382 3172; x_wconf 88' lang='lat' dir='ltr'>ea</span> <span class='ocrx_word' id='word_1_200' title='bbox 405 3109 651 3194; x_wconf 84' lang='lat' dir='ltr'>significaretur,</span> <span class='ocrx_word' id='word_1_201' title='bbox 676 3131 757 3194; x_wconf 89' lang='lat' dir='ltr'>quae</span> <span class='ocrx_word' id='word_1_202' title='bbox 780 3109 948 3193; x_wconf 83' lang='lat' dir='ltr'>adipsum</span> <span class='ocrx_word' id='word_1_203' title='bbox 970 3111 1189 3175; x_wconf 88' lang='lat' dir='ltr'>Alexandrum</span> 
     </span>
     <span class='ocr_line' id='line_1_26' title="bbox 58 3216 1189 3304; baseline 0.007 -24"><span class='ocrx_word' id='word_1_204' title='bbox 58 3216 232 3294; x_wconf 85' lang='lat' dir='ltr'>pertineret.</span> <span class='ocrx_word' id='word_1_205' title='bbox 207 3217 322 3282; x_wconf 90' lang='lat' dir='ltr'>ttV</span> <span class='ocrx_word' id='word_1_206' title='bbox 308 3219 444 3304; x_wconf 82' lang='lat' dir='ltr'>tigitur</span> <span class='ocrx_word' id='word_1_207' title='bbox 465 3219 558 3303; x_wconf 90' lang='lat' dir='ltr'>quint</span> <span class='ocrx_word' id='word_1_208' title='bbox 558 3242 612 3283; x_wconf 94' lang='lat' dir='ltr'>um</span> <span class='ocrx_word' id='word_1_209' title='bbox 639 3219 755 3284; x_wconf 88' lang='lat' dir='ltr'>librum</span> <span class='ocrx_word' id='word_1_210' title='bbox 786 3227 854 3287; x_wconf 83' lang='grc' dir='ltr'>τῶν</span> <span class='ocrx_word' id='word_1_211' title='bbox 880 3223 952 3301; x_wconf 81' lang='grc' dir='ltr'>περὶ</span> <span class='ocrx_word' id='word_1_212' title='bbox 978 3222 1189 3303; x_wconf 82' lang='grc' dir='ltr'>Ἀλέξανδρον</span> 
     </span>
     <span class='ocr_line' id='line_1_27' title="bbox 57 3327 1187 3416; baseline 0.006 -26.322"><span class='ocrx_word' id='word_1_213' title='bbox 57 3327 169 3391; x_wconf 82' lang='lat' dir='ltr'>statuas</span> <span class='ocrx_word' id='word_1_214' title='bbox 191 3327 348 3392; x_wconf 84' lang='lat' dir='ltr'>decimum</span> <span class='ocrx_word' id='word_1_215' title='bbox 362 3329 460 3392; x_wconf 87' lang='lat' dir='ltr'>fuisse</span> <span class='ocrx_word' id='word_1_216' title='bbox 475 3329 706 3394; x_wconf 90' lang='lat' dir='ltr'>Macedonicon</span> <span class='ocrx_word' id='word_1_217' title='bbox 711 3331 876 3415; x_wconf 81' lang='lat' dir='ltr'>,numqui</span> <span class='ocrx_word' id='word_1_218' title='bbox 898 3331 1003 3416; x_wconf 79' lang='lat' dir='ltr'>magis</span> <span class='ocrx_word' id='word_1_219' title='bbox 1027 3332 1187 3414; x_wconf 89' lang='lat' dir='ltr'>credibile,</span> 
     </span>
     <span class='ocr_line' id='line_1_28' title="bbox 46 3427 1189 3526; baseline 0.007 -30"><span class='ocrx_word' id='word_1_220' title='bbox 46 3427 197 3515; x_wconf 82' lang='lat' dir='ltr'>&#39;quattuor</span> <span class='ocrx_word' id='word_1_221' title='bbox 217 3439 309 3503; x_wconf 90' lang='lat' dir='ltr'>libris</span> <span class='ocrx_word' id='word_1_222' title='bbox 330 3461 444 3522; x_wconf 87' lang='lat' dir='ltr'>unum,</span> <span class='ocrx_word' id='word_1_223' title='bbox 468 3461 533 3504; x_wconf 89' lang='lat' dir='ltr'>uno</span> <span class='ocrx_word' id='word_1_224' title='bbox 548 3444 654 3504; x_wconf 87' lang='lat' dir='ltr'>autem</span> <span class='ocrx_word' id='word_1_225' title='bbox 670 3443 820 3524; x_wconf 88' lang='lat' dir='ltr'>quattuor</span> <span class='ocrx_word' id='word_1_226' title='bbox 835 3463 936 3504; x_wconf 89' lang='lat' dir='ltr'>annos</span> <span class='ocrx_word' id='word_1_227' title='bbox 952 3442 1189 3526; x_wconf 82' lang='lat' dir='ltr'>pertractatas?</span> 
     </span>
     <span class='ocr_line' id='line_1_29' title="bbox 56 3541 1188 3635; baseline 0.011 -32"><span class='ocrx_word' id='word_1_228' title='bbox 56 3541 144 3610; x_wconf 85' lang='lat' dir='ltr'>Misso</span> <span class='ocrx_word' id='word_1_229' title='bbox 178 3547 279 3632; x_wconf 87' lang='lat' dir='ltr'>igitur</span> <span class='ocrx_word' id='word_1_230' title='bbox 314 3548 442 3614; x_wconf 89' lang='lat' dir='ltr'>Pellaeo</span> <span class='ocrx_word' id='word_1_231' title='bbox 477 3549 573 3614; x_wconf 86' lang='lat' dir='ltr'>facile</span> <span class='ocrx_word' id='word_1_232' title='bbox 608 3549 766 3634; x_wconf 88' lang='lat' dir='ltr'>quispiam</span> <span class='ocrx_word' id='word_1_233' title='bbox 804 3551 942 3615; x_wconf 88' lang='lat' dir='ltr'>coniciat</span> <span class='ocrx_word' id='word_1_234' title='bbox 972 3551 1188 3635; x_wconf 91' lang='lat' dir='ltr'>Philippensis</span> 
     </span>
     <span class='ocr_line' id='line_1_30' title="bbox 56 3655 1188 3746; baseline 0.007 -28"><span class='ocrx_word' id='word_1_235' title='bbox 56 3655 213 3739; x_wconf 78' lang='lat' dir='ltr'>scriptoria</span> <span class='ocrx_word' id='word_1_236' title='bbox 236 3658 302 3723; x_wconf 86' lang='lat' dir='ltr'>aive</span> <span class='ocrx_word' id='word_1_237' title='bbox 323 3662 426 3722; x_wconf 91' lang='lat' dir='ltr'>totum</span> <span class='ocrx_word' id='word_1_238' title='bbox 448 3681 527 3744; x_wconf 88' lang='lat' dir='ltr'>opus</span> <span class='ocrx_word' id='word_1_239' title='bbox 550 3660 616 3724; x_wconf 85' lang='lat' dir='ltr'>aive</span> <span class='ocrx_word' id='word_1_240' title='bbox 638 3661 757 3745; x_wconf 88' lang='lat' dir='ltr'>primos</span> <span class='ocrx_word' id='word_1_241' title='bbox 785 3659 884 3726; x_wconf 87' lang='lat' dir='ltr'>libros</span> <span class='ocrx_word' id='word_1_242' title='bbox 909 3660 1075 3726; x_wconf 88' lang='lat' dir='ltr'>minimum</span> <span class='ocrx_word' id='word_1_243' title='bbox 1098 3661 1188 3746; x_wconf 91' lang='lat' dir='ltr'>quin-</span> 
     </span>
     <span class='ocr_line' id='line_1_31' title="bbox 55 3768 1188 3857; baseline 0.009 -31"><span class='ocrx_word' id='word_1_244' title='bbox 55 3781 107 3844; x_wconf 87' lang='lat' dir='ltr'>que</span> <span class='ocrx_word' id='word_1_245' title='bbox 128 3768 235 3832; x_wconf 85' lang='lat' dir='ltr'>vocan&#39;</span> <span class='ocrx_word' id='word_1_246' title='bbox 256 3769 297 3833; x_wconf 86' lang='grc' dir='ltr'>τὰ</span> <span class='ocrx_word' id='word_1_247' title='bbox 311 3771 382 3852; x_wconf 78' lang='grc' dir='ltr'>περὶ</span> <span class='ocrx_word' id='word_1_248' title='bbox 397 3771 608 3851; x_wconf 83' lang='grc' dir='ltr'>Ἀλέξανδρον</span> <span class='ocrx_word' id='word_1_249' title='bbox 631 3791 668 3834; x_wconf 92' lang='lat' dir='ltr'>eo</span> <span class='ocrx_word' id='word_1_250' title='bbox 686 3771 879 3835; x_wconf 90' lang='lat' dir='ltr'>commodius</span> <span class='ocrx_word' id='word_1_251' title='bbox 902 3793 1004 3856; x_wconf 86' lang='lat' dir='ltr'>posse,</span> <span class='ocrx_word' id='word_1_252' title='bbox 1028 3770 1111 3857; x_wconf 89' lang='lat' dir='ltr'>qnod</span> <span class='ocrx_word' id='word_1_253' title='bbox 1133 3771 1188 3836; x_wconf 89' lang='lat' dir='ltr'>ille</span> 
     </span>
     <span class='ocr_line' id='line_1_32' title="bbox 55 3876 1188 3966; baseline 0.007 -29"><span class='ocrx_word' id='word_1_254' title='bbox 55 3876 210 3956; x_wconf 84' lang='lat' dir='ltr'>superiora</span> <span class='ocrx_word' id='word_1_255' title='bbox 236 3877 447 3944; x_wconf 88' lang='lat' dir='ltr'>Macedonum</span> <span class='ocrx_word' id='word_1_256' title='bbox 477 3884 623 3965; x_wconf 88' lang='lat' dir='ltr'>tempora</span> <span class='ocrx_word' id='word_1_257' title='bbox 651 3903 692 3945; x_wconf 88' lang='lat' dir='ltr'>ne</span> <span class='ocrx_word' id='word_1_258' title='bbox 720 3881 867 3966; x_wconf 84' lang='lat' dir='ltr'>attigerit</span> <span class='ocrx_word' id='word_1_259' title='bbox 897 3881 1033 3966; x_wconf 89' lang='lat' dir='ltr'>quidem.</span> <span class='ocrx_word' id='word_1_260' title='bbox 1087 3882 1188 3965; x_wconf 88' lang='lat' dir='ltr'>Atqui</span> 
     </span>
     <span class='ocr_line' id='line_1_33' title="bbox 54 3981 1187 4076; baseline 0.01 -33"><span class='ocrx_word' id='word_1_261' title='bbox 54 3981 129 4049; x_wconf 88' lang='lat' dir='ltr'>idem</span> <span class='ocrx_word' id='word_1_262' title='bbox 149 4009 201 4052; x_wconf 87' lang='lat' dir='ltr'>res</span> <span class='ocrx_word' id='word_1_263' title='bbox 223 3988 265 4053; x_wconf 89' lang='lat' dir='ltr'>ad</span> <span class='ocrx_word' id='word_1_264' title='bbox 286 3994 435 4075; x_wconf 83' lang='lat' dir='ltr'>quartum</span> <span class='ocrx_word' id='word_1_265' title='bbox 457 4013 577 4056; x_wconf 86' lang='lat' dir='ltr'>annum</span> <span class='ocrx_word' id='word_1_266' title='bbox 599 3991 684 4056; x_wconf 91' lang='lat' dir='ltr'>illius</span> <span class='ocrx_word' id='word_1_267' title='bbox 706 3991 897 4076; x_wconf 82' lang='lat' dir='ltr'>olympiadis</span> <span class='ocrx_word' id='word_1_268' title='bbox 922 3993 980 4056; x_wconf 89' lang='lat'>111</span> <span class='ocrx_word' id='word_1_269' title='bbox 1003 3991 1187 4056; x_wconf 87' lang='lat' dir='ltr'>referendas</span> 
     </span>
     <span class='ocr_line' id='line_1_34' title="bbox 55 4090 1187 4188; baseline 0.009 -33"><span class='ocrx_word' id='word_1_270' title='bbox 55 4090 112 4157; x_wconf 90' lang='lat' dir='ltr'>iam</span> <span class='ocrx_word' id='word_1_271' title='bbox 136 4097 219 4162; x_wconf 92' lang='lat' dir='ltr'>libro</span> <span class='ocrx_word' id='word_1_272' title='bbox 248 4099 353 4183; x_wconf 89' lang='lat' dir='ltr'>primo</span> <span class='ocrx_word' id='word_1_273' title='bbox 380 4105 576 4167; x_wconf 81' lang='lat' dir='ltr'>ttractarera</span> <span class='ocrx_word' id='word_1_274' title='bbox 598 4101 652 4186; x_wconf 85' lang='lat' dir='ltr'>(fr.</span> <span class='ocrx_word' id='word_1_275' title='bbox 669 4101 725 4188; x_wconf 84' lang='lat' dir='ltr'>X).</span> <span class='ocrx_word' id='word_1_276' title='bbox 770 4101 910 4168; x_wconf 89' lang='lat' dir='ltr'>Rursum</span> <span class='ocrx_word' id='word_1_277' title='bbox 937 4105 1043 4167; x_wconf 88' lang='lat' dir='ltr'>autem</span> <span class='ocrx_word' id='word_1_278' title='bbox 1070 4100 1187 4186; x_wconf 83' lang='lat' dir='ltr'>largia-</span> 
     </span>
    </p>
   </div>
   <div class='ocr_carea' id='block_1_4' title="bbox 55 4246 245 4264">
    <p class='ocr_par' dir='ltr' id='par_1_4' title="bbox 55 4246 245 4264">
     <span class='ocr_line' id='line_1_35' title="bbox 55 4246 245 4264; baseline -0.005 -6"><span class='ocrx_word' id='word_1_279' title='bbox 55 4246 245 4264; x_wconf 44' lang='lat' dir='ltr'>*n*—</span> 
     </span>
    </p>
   </div>
   <div class='ocr_carea' id='block_1_5' title="bbox 56 4349 1187 4522">
    <p class='ocr_par' dir='ltr' id='par_1_5' title="bbox 56 4349 1187 4522">
     <span class='ocr_line' id='line_1_36' title="bbox 113 4349 1187 4426; baseline 0.006 -19"><span class='ocrx_word' id='word_1_280' title='bbox 113 4349 136 4418; x_wconf 69' lang='lat' dir='ltr'>*J</span> <span class='ocrx_word' id='word_1_281' title='bbox 158 4353 294 4421; x_wconf 83' lang='lat' dir='ltr'>[Alteram</span> <span class='ocrx_word' id='word_1_282' title='bbox 312 4353 433 4423; x_wconf 87' lang='lat' dir='ltr'>aliquam</span> <span class='ocrx_word' id='word_1_283' title='bbox 450 4353 621 4424; x_wconf 80' lang='lat' dir='ltr'>legationem</span> <span class='ocrx_word' id='word_1_284' title='bbox 638 4355 824 4426; x_wconf 82' lang='lat' dir='ltr'>posteriorem</span> <span class='ocrx_word' id='word_1_285' title='bbox 842 4355 1023 4412; x_wconf 87' lang='lat' dir='ltr'>coniectando</span> <span class='ocrx_word' id='word_1_286' title='bbox 1042 4355 1187 4413; x_wconf 75' lang='lat' dir='ltr'>substitrdt</span> 
     </span>
     <span class='ocr_line' id='line_1_37' title="bbox 56 4435 1151 4522; baseline 0.011 -29"><span class='ocrx_word' id='word_1_287' title='bbox 56 4435 84 4492; x_wconf 83' lang='grc' dir='ltr'>Η.</span> <span class='ocrx_word' id='word_1_288' title='bbox 95 4439 230 4514; x_wconf 81' lang='lat' dir='ltr'>Sauppiua</span> <span class='ocrx_word' id='word_1_289' title='bbox 247 4447 388 4517; x_wconf 82' lang='lat' dir='ltr'>Philologi</span> <span class='ocrx_word' id='word_1_290' title='bbox 404 4451 423 4502; x_wconf 90' lang='lat' dir='ltr'>t.</span> <span class='ocrx_word' id='word_1_291' title='bbox 439 4447 477 4502; x_wconf 92' lang='lat' dir='ltr'>lll</span> <span class='ocrx_word' id='word_1_292' title='bbox 494 4467 520 4518; x_wconf 90' lang='lat' dir='ltr'>p.</span> <span class='ocrx_word' id='word_1_293' title='bbox 536 4455 598 4504; x_wconf 78' lang='lat'>647:</span> <span class='ocrx_word' id='word_1_294' title='bbox 617 4449 651 4504; x_wconf 91' lang='lat' dir='ltr'>de</span> <span class='ocrx_word' id='word_1_295' title='bbox 664 4467 719 4518; x_wconf 87' lang='lat' dir='ltr'>qua</span> <span class='ocrx_word' id='word_1_296' title='bbox 736 4449 805 4504; x_wconf 89' lang='lat' dir='ltr'>nihil</span> <span class='ocrx_word' id='word_1_297' title='bbox 822 4449 973 4506; x_wconf 85' lang='lat' dir='ltr'>memoriae</span> <span class='ocrx_word' id='word_1_298' title='bbox 991 4450 1151 4522; x_wconf 84' lang='lat' dir='ltr'>proditum]</span> 
     </span>
    </p>
   </div>
   <div class='ocr_carea' id='block_1_6' title="bbox 918 4536 983 4602">
    <p class='ocr_par' dir='ltr' id='par_1_6' title="bbox 918 4536 983 4602">
     <span class='ocr_line' id='line_1_38' title="bbox 918 4536 983 4602; baseline 0 0"><span class='ocrx_word' id='word_1_299' title='bbox 918 4536 983 4602; x_wconf 85' lang='lat'>30*</span> 
     </span>
    </p>
   </div>
   <div class='ocr_carea' id='block_1_7' title="bbox 0 0 1480 5132">
    <p class='ocr_par' dir='ltr' id='par_1_7' title="bbox 0 0 1480 5132">
     <span class='ocr_line' id='line_1_39' title="bbox 0 0 1480 5132; baseline 0 4"><span class='ocrx_word' id='word_1_300' title='bbox 0 0 1480 5132; x_wconf 95' lang='lat' dir='ltr'> </span> 
     </span>
    </p>
   </div>
  </div>
 </body>
</html>
