<?xml version="1.0" encoding="UTF-8"?>
<!DOCTYPE html PUBLIC "-//W3C//DTD XHTML 1.0 Transitional//EN"
    "http://www.w3.org/TR/xhtml1/DTD/xhtml1-transitional.dtd">
<html xmlns="http://www.w3.org/1999/xhtml" xml:lang="en" lang="en">
 <head>
  <title>
</title>
<meta http-equiv="Content-Type" content="text/html;charset=utf-8" />
  <meta name='ocr-system' content='tesseract 3.04.00' />
  <meta name='ocr-capabilities' content='ocr_page ocr_carea ocr_par ocr_line ocrx_word'/>
</head>
<body>
  <div class='ocr_page' id='page_1' title='image "./fridericiritsch04ritsgoog_0171.png"; bbox 0 0 2982 5146; ppageno 0'>
   <div class='ocr_carea' id='block_1_1' title="bbox 303 353 1149 415">
    <p class='ocr_par' dir='ltr' id='par_1_1' title="bbox 303 353 1149 415">
     <span class='ocr_line' id='line_1_1' title="bbox 303 353 1149 415; baseline 0.001 -1"><span class='ocrx_word' id='word_1_1' title='bbox 303 353 360 414; x_wconf 79' lang='grc'>146</span> <span class='ocrx_word' id='word_1_2' title='bbox 606 369 856 414; x_wconf 73' lang='lat' dir='ltr'>(auanamuvn</span> <span class='ocrx_word' id='word_1_3' title='bbox 880 368 1149 415; x_wconf 78' lang='lat' dir='ltr'>ursrvramours</span> 
     </span>
    </p>
   </div>
   <div class='ocr_carea' id='block_1_2' title="bbox 240 519 1426 3774">
    <p class='ocr_par' dir='ltr' id='par_1_2' title="bbox 295 519 1424 1040">
     <span class='ocr_line' id='line_1_2' title="bbox 296 519 1421 603; baseline 0.002 -20"><span class='ocrx_word' id='word_1_4' title='bbox 296 521 501 584; x_wconf 82' lang='lat' dir='ltr'>&#39;Paetaianum</span> <span class='ocrx_word' id='word_1_5' title='bbox 516 521 733 583; x_wconf 81' lang='lat' dir='ltr'>testinnmium</span> <span class='ocrx_word' id='word_1_6' title='bbox 749 520 1003 603; x_wconf 85' lang='lat' dir='ltr'>detorqueretur,</span> <span class='ocrx_word' id='word_1_7' title='bbox 1028 519 1062 582; x_wconf 92' lang='lat' dir='ltr'>in</span> <span class='ocrx_word' id='word_1_8' title='bbox 1077 519 1328 582; x_wconf 89' lang='lat' dir='ltr'>Zenodotcarum</span> <span class='ocrx_word' id='word_1_9' title='bbox 1348 527 1421 600; x_wconf 80' lang='lat' dir='ltr'>brop-</span> 
     </span>
     <span class='ocr_line' id='line_1_3' title="bbox 296 629 1420 712; baseline 0 -19"><span class='ocrx_word' id='word_1_10' title='bbox 296 632 428 694; x_wconf 77' lang='grc' dir='ltr'>θώεεων</span> <span class='ocrx_word' id='word_1_11' title='bbox 452 631 538 692; x_wconf 81' lang='lat' dir='ltr'>lama</span> <span class='ocrx_word' id='word_1_12' title='bbox 561 631 698 712; x_wconf 87' lang='lat' dir='ltr'>positum</span> <span class='ocrx_word' id='word_1_13' title='bbox 721 653 788 692; x_wconf 85' lang='lat' dir='ltr'>esse</span> <span class='ocrx_word' id='word_1_14' title='bbox 811 631 924 712; x_wconf 89' lang='lat' dir='ltr'>potuit.</span> <span class='ocrx_word' id='word_1_15' title='bbox 970 629 1093 712; x_wconf 83' lang='lat' dir='ltr'>Quippe</span> <span class='ocrx_word' id='word_1_16' title='bbox 1117 634 1242 711; x_wconf 88' lang='lat' dir='ltr'>praeter</span> <span class='ocrx_word' id='word_1_17' title='bbox 1264 629 1420 693; x_wconf 79' lang='lat' dir='ltr'>Homerica</span> 
     </span>
     <span class='ocr_line' id='line_1_4' title="bbox 297 721 1423 820; baseline 0.002 -20"><span class='ocrx_word' id='word_1_18' title='bbox 297 739 440 801; x_wconf 85' lang='lat' dir='ltr'>novimus</span> <span class='ocrx_word' id='word_1_19' title='bbox 456 739 598 820; x_wconf 76' lang='lat' dir='ltr'><strong>Hesiodi,</strong></span> <span class='ocrx_word' id='word_1_20' title='bbox 616 739 757 820; x_wconf 89' lang='lat' dir='ltr'>Pindari,</span> <span class='ocrx_word' id='word_1_21' title='bbox 777 740 990 802; x_wconf 86' lang='lat' dir='ltr'>Anacreontis</span> <span class='ocrx_word' id='word_1_22' title='bbox 1006 739 1168 801; x_wconf 77' lang='lat' dir='ltr'>editorem,</span> <span class='ocrx_word' id='word_1_23' title='bbox 1183 721 1275 801; x_wconf 78' lang='lat' dir='ltr'>&#39;Vide</span> <span class='ocrx_word' id='word_1_24' title='bbox 1288 740 1423 802; x_wconf 75' lang='lat' dir='ltr'>hiiretnel·</span> 
     </span>
     <span class='ocr_line' id='line_1_5' title="bbox 296 848 1424 932; baseline 0.003 -23"><span class='ocrx_word' id='word_1_25' title='bbox 296 848 372 910; x_wconf 90' lang='lat' dir='ltr'>lium</span> <span class='ocrx_word' id='word_1_26' title='bbox 395 872 426 931; x_wconf 92' lang='lat' dir='ltr'>p.</span> <span class='ocrx_word' id='word_1_27' title='bbox 450 849 530 931; x_wconf 80' lang='lat'>281,</span> <span class='ocrx_word' id='word_1_28' title='bbox 561 849 756 911; x_wconf 81' lang='lat' dir='ltr'>Bocclrbimn</span> <span class='ocrx_word' id='word_1_29' title='bbox 784 850 885 930; x_wconf 86' lang='lat' dir='ltr'>praef.</span> <span class='ocrx_word' id='word_1_30' title='bbox 909 848 1014 912; x_wconf 74' lang='lat' dir='ltr'>Schol.</span> <span class='ocrx_word' id='word_1_31' title='bbox 1039 871 1069 930; x_wconf 91' lang='lat' dir='ltr'>p.</span> <span class='ocrx_word' id='word_1_32' title='bbox 1094 848 1139 930; x_wconf 86' lang='lat' dir='ltr'>X,</span> <span class='ocrx_word' id='word_1_33' title='bbox 1163 849 1241 911; x_wconf 85' lang='lat' dir='ltr'>item</span> <span class='ocrx_word' id='word_1_34' title='bbox 1264 848 1424 932; x_wconf 78' lang='lat' dir='ltr'>Berglriiun</span> 
     </span>
     <span class='ocr_line' id='line_1_6' title="bbox 295 958 832 1040; baseline 0.002 -21"><span class='ocrx_word' id='word_1_35' title='bbox 295 961 439 1020; x_wconf 86' lang='lat' dir='ltr'>nostrum</span> <span class='ocrx_word' id='word_1_36' title='bbox 463 960 583 1021; x_wconf 88' lang='lat' dir='ltr'>Anacr.</span> <span class='ocrx_word' id='word_1_37' title='bbox 608 959 697 1040; x_wconf 88' lang='lat' dir='ltr'>reliq.</span> <span class='ocrx_word' id='word_1_38' title='bbox 723 980 753 1040; x_wconf 89' lang='lat' dir='ltr'>p.</span> <span class='ocrx_word' id='word_1_39' title='bbox 778 958 832 1022; x_wconf 79' lang='lat'>25.</span> 
     </span>
    </p>

    <p class='ocr_par' dir='ltr' id='par_1_3' title="bbox 291 1067 1426 3009">
     <span class='ocr_line' id='line_1_7' title="bbox 380 1067 1425 1150; baseline 0.001 -20"><span class='ocrx_word' id='word_1_40' title='bbox 380 1067 542 1132; x_wconf 81' lang='lat' dir='ltr'>Summam</span> <span class='ocrx_word' id='word_1_41' title='bbox 571 1090 693 1149; x_wconf 85' lang='lat' dir='ltr'>eorum,</span> <span class='ocrx_word' id='word_1_42' title='bbox 724 1089 804 1149; x_wconf 84' lang='lat' dir='ltr'>quae</span> <span class='ocrx_word' id='word_1_43' title='bbox 831 1067 870 1129; x_wconf 91' lang='lat' dir='ltr'>de</span> <span class='ocrx_word' id='word_1_44' title='bbox 899 1067 1076 1149; x_wconf 89' lang='lat' dir='ltr'>Zenodoto,</span> <span class='ocrx_word' id='word_1_45' title='bbox 1111 1068 1335 1150; x_wconf 88' lang='lat' dir='ltr'>Lycophroue‚</span> <span class='ocrx_word' id='word_1_46' title='bbox 1363 1070 1425 1131; x_wconf 90' lang='lat' dir='ltr'>Ale-</span> 
     </span>
     <span class='ocr_line' id='line_1_8' title="bbox 294 1176 1424 1260; baseline 0.002 -22"><span class='ocrx_word' id='word_1_47' title='bbox 294 1177 417 1239; x_wconf 87' lang='lat' dir='ltr'>xandro</span> <span class='ocrx_word' id='word_1_48' title='bbox 436 1176 681 1259; x_wconf 77' lang='lat' dir='ltr'>disputavimus,</span> <span class='ocrx_word' id='word_1_49' title='bbox 707 1178 790 1240; x_wconf 88' lang='lat' dir='ltr'>hanc</span> <span class='ocrx_word' id='word_1_50' title='bbox 813 1177 940 1239; x_wconf 87' lang='lat' dir='ltr'>habeto.</span> <span class='ocrx_word' id='word_1_51' title='bbox 979 1176 1198 1239; x_wconf 73' lang='lat' dir='ltr'>Demonstrati</span> <span class='ocrx_word' id='word_1_52' title='bbox 1221 1177 1348 1260; x_wconf 89' lang='lat' dir='ltr'>quidem</span> <span class='ocrx_word' id='word_1_53' title='bbox 1362 1201 1424 1240; x_wconf 81' lang='lat' dir='ltr'>neu-</span> 
     </span>
     <span class='ocr_line' id='line_1_9' title="bbox 294 1286 1425 1368; baseline 0.002 -22"><span class='ocrx_word' id='word_1_54' title='bbox 294 1290 378 1348; x_wconf 88' lang='lat' dir='ltr'>trum</span> <span class='ocrx_word' id='word_1_55' title='bbox 408 1291 528 1368; x_wconf 87' lang='lat' dir='ltr'>potest,</span> <span class='ocrx_word' id='word_1_56' title='bbox 558 1308 618 1349; x_wconf 89' lang='lat' dir='ltr'>nec</span> <span class='ocrx_word' id='word_1_57' title='bbox 647 1286 819 1349; x_wconf 87' lang='lat' dir='ltr'>recensitos</span> <span class='ocrx_word' id='word_1_58' title='bbox 847 1307 907 1348; x_wconf 87' lang='lat' dir='ltr'>neo</span> <span class='ocrx_word' id='word_1_59' title='bbox 935 1286 1113 1348; x_wconf 81' lang='lat' dir='ltr'>coniunctis</span> <span class='ocrx_word' id='word_1_60' title='bbox 1136 1287 1248 1349; x_wconf 89' lang='lat' dir='ltr'>studiis</span> <span class='ocrx_word' id='word_1_61' title='bbox 1275 1287 1425 1350; x_wconf 82' lang='lat' dir='ltr'>ordinatos</span> 
     </span>
     <span class='ocr_line' id='line_1_10' title="bbox 295 1395 1425 1478; baseline 0.001 -22"><span class='ocrx_word' id='word_1_62' title='bbox 295 1396 335 1457; x_wconf 93' lang='lat' dir='ltr'>ab</span> <span class='ocrx_word' id='word_1_63' title='bbox 364 1395 427 1458; x_wconf 86' lang='lat' dir='ltr'>illis</span> <span class='ocrx_word' id='word_1_64' title='bbox 456 1400 620 1478; x_wconf 88' lang='lat' dir='ltr'>poetaram</span> <span class='ocrx_word' id='word_1_65' title='bbox 653 1396 750 1458; x_wconf 90' lang='lat' dir='ltr'>libros</span> <span class='ocrx_word' id='word_1_66' title='bbox 780 1401 857 1457; x_wconf 87' lang='lat' dir='ltr'>esse.</span> <span class='ocrx_word' id='word_1_67' title='bbox 909 1396 1022 1458; x_wconf 67' lang='lat' dir='ltr'>Certae</span> <span class='ocrx_word' id='word_1_68' title='bbox 1055 1399 1130 1458; x_wconf 87' lang='lat' dir='ltr'>sunt</span> <span class='ocrx_word' id='word_1_69' title='bbox 1162 1396 1256 1458; x_wconf 87' lang='lat' dir='ltr'>unius</span> <span class='ocrx_word' id='word_1_70' title='bbox 1284 1395 1425 1459; x_wconf 80' lang='lat' dir='ltr'>Zenodoti</span> 
     </span>
     <span class='ocr_line' id='line_1_11' title="bbox 294 1492 1426 1587; baseline 0.001 -21"><span class='ocrx_word' id='word_1_71' title='bbox 294 1506 510 1568; x_wconf 88' lang='lat' dir='ltr'>recensiones:</span> <span class='ocrx_word' id='word_1_72' title='bbox 548 1492 764 1587; x_wconf 78' lang='lat' dir='ltr'>Lycophronis</span> <span class='ocrx_word' id='word_1_73' title='bbox 798 1505 831 1567; x_wconf 93' lang='lat' dir='ltr'>in</span> <span class='ocrx_word' id='word_1_74' title='bbox 866 1505 925 1567; x_wconf 91' lang='lat' dir='ltr'>hoc</span> <span class='ocrx_word' id='word_1_75' title='bbox 959 1526 1077 1587; x_wconf 83' lang='lat' dir='ltr'>genere</span> <span class='ocrx_word' id='word_1_76' title='bbox 1110 1505 1304 1568; x_wconf 76' lang='lat' dir='ltr'>elaborantis</span> <span class='ocrx_word' id='word_1_77' title='bbox 1338 1506 1426 1569; x_wconf 86' lang='lat' dir='ltr'>incer-</span> 
     </span>
     <span class='ocr_line' id='line_1_12' title="bbox 293 1613 1426 1698; baseline 0 -22"><span class='ocrx_word' id='word_1_78' title='bbox 293 1615 418 1676; x_wconf 87' lang='lat' dir='ltr'>tissima</span> <span class='ocrx_word' id='word_1_79' title='bbox 446 1615 600 1698; x_wconf 84' lang='lat' dir='ltr'>vestigia:</span> <span class='ocrx_word' id='word_1_80' title='bbox 634 1615 722 1676; x_wconf 89' lang='lat' dir='ltr'>nulla</span> <span class='ocrx_word' id='word_1_81' title='bbox 752 1613 937 1676; x_wconf 78' lang='lat' dir='ltr'>Alexandri.</span> <span class='ocrx_word' id='word_1_82' title='bbox 989 1614 1084 1677; x_wconf 80' lang='lat' dir='ltr'>Certa</span> <span class='ocrx_word' id='word_1_83' title='bbox 1114 1614 1190 1676; x_wconf 91' lang='lat' dir='ltr'>item</span> <span class='ocrx_word' id='word_1_84' title='bbox 1219 1615 1426 1698; x_wconf 67' lang='lat' dir='ltr'>Lycophronis</span> 
     </span>
     <span class='ocr_line' id='line_1_13' title="bbox 294 1722 1425 1806; baseline 0.002 -22"><span class='ocrx_word' id='word_1_85' title='bbox 294 1724 328 1785; x_wconf 90' lang='lat' dir='ltr'>in</span> <span class='ocrx_word' id='word_1_86' title='bbox 356 1723 564 1786; x_wconf 84' lang='lat' dir='ltr'>describenda</span> <span class='ocrx_word' id='word_1_87' title='bbox 592 1728 682 1805; x_wconf 91' lang='lat' dir='ltr'>parte</span> <span class='ocrx_word' id='word_1_88' title='bbox 710 1723 861 1785; x_wconf 90' lang='lat' dir='ltr'>librorum</span> <span class='ocrx_word' id='word_1_89' title='bbox 892 1722 1181 1786; x_wconf 84' lang='lat' dir='ltr'>Alexandrinorum</span> <span class='ocrx_word' id='word_1_90' title='bbox 1209 1745 1322 1806; x_wconf 87' lang='lat' dir='ltr'>opera:</span> <span class='ocrx_word' id='word_1_91' title='bbox 1350 1731 1425 1787; x_wconf 83' lang='lat' dir='ltr'>certa</span> 
     </span>
     <span class='ocr_line' id='line_1_14' title="bbox 295 1831 1425 1896; baseline 0 -2"><span class='ocrx_word' id='word_1_92' title='bbox 295 1831 506 1894; x_wconf 87' lang='lat' dir='ltr'>bibliothecae</span> <span class='ocrx_word' id='word_1_93' title='bbox 536 1854 612 1895; x_wconf 86' lang='lat' dir='ltr'>cura</span> <span class='ocrx_word' id='word_1_94' title='bbox 634 1833 829 1896; x_wconf 88' lang='lat' dir='ltr'>Zenodotea:</span> <span class='ocrx_word' id='word_1_95' title='bbox 858 1832 939 1895; x_wconf 91' lang='lat' dir='ltr'>nihil</span> <span class='ocrx_word' id='word_1_96' title='bbox 967 1833 1005 1894; x_wconf 91' lang='lat' dir='ltr'>de</span> <span class='ocrx_word' id='word_1_97' title='bbox 1028 1832 1204 1894; x_wconf 82' lang='lat' dir='ltr'>Alexandri</span> <span class='ocrx_word' id='word_1_98' title='bbox 1234 1855 1304 1895; x_wconf 91' lang='lat' dir='ltr'>eum</span> <span class='ocrx_word' id='word_1_99' title='bbox 1328 1833 1425 1896; x_wconf 86' lang='lat' dir='ltr'>eadem</span> 
     </span>
     <span class='ocr_line' id='line_1_15' title="bbox 295 1941 1424 2024; baseline 0.001 -23"><span class='ocrx_word' id='word_1_100' title='bbox 295 1941 488 2002; x_wconf 79' lang='lat' dir='ltr'>bibliotheca</span> <span class='ocrx_word' id='word_1_101' title='bbox 518 1942 670 2003; x_wconf 83' lang='lat' dir='ltr'>societate</span> <span class='ocrx_word' id='word_1_102' title='bbox 699 1942 863 2004; x_wconf 86' lang='lat' dir='ltr'>traditam.</span> <span class='ocrx_word' id='word_1_103' title='bbox 909 1941 987 2003; x_wconf 88' lang='lat' dir='ltr'>Late</span> <span class='ocrx_word' id='word_1_104' title='bbox 1017 1947 1130 2023; x_wconf 87' lang='lat' dir='ltr'>patens</span> <span class='ocrx_word' id='word_1_105' title='bbox 1158 1941 1375 2024; x_wconf 80' lang='lat' dir='ltr'>Lycophronis</span> <span class='ocrx_word' id='word_1_106' title='bbox 1401 1953 1424 2003; x_wconf 79' lang='lat' dir='ltr'>et</span> 
     </span>
     <span class='ocr_line' id='line_1_16' title="bbox 294 2049 1425 2134; baseline 0.001 -24"><span class='ocrx_word' id='word_1_107' title='bbox 294 2049 469 2112; x_wconf 83' lang='lat' dir='ltr'>Alexandri</span> <span class='ocrx_word' id='word_1_108' title='bbox 500 2051 532 2112; x_wconf 92' lang='lat' dir='ltr'>in</span> <span class='ocrx_word' id='word_1_109' title='bbox 569 2051 770 2113; x_wconf 74' lang='lat' dir='ltr'>recensendis</span> <span class='ocrx_word' id='word_1_110' title='bbox 805 2050 995 2113; x_wconf 84' lang='lat' dir='ltr'>comicorum</span> <span class='ocrx_word' id='word_1_111' title='bbox 1030 2050 1287 2134; x_wconf 76' lang='lat' dir='ltr'>tragicoriunque</span> <span class='ocrx_word' id='word_1_112' title='bbox 1319 2052 1425 2114; x_wconf 73' lang='lat' dir='ltr'>fabulis</span> 
     </span>
     <span class='ocr_line' id='line_1_17' title="bbox 292 2161 1424 2243; baseline 0.001 -23"><span class='ocrx_word' id='word_1_113' title='bbox 292 2181 389 2241; x_wconf 76' lang='lat' dir='ltr'>opffla</span> <span class='ocrx_word' id='word_1_114' title='bbox 413 2181 484 2222; x_wconf 87' lang='lat' dir='ltr'>eum</span> <span class='ocrx_word' id='word_1_115' title='bbox 512 2182 568 2243; x_wconf 87' lang='lat' dir='ltr'>per</span> <span class='ocrx_word' id='word_1_116' title='bbox 596 2181 628 2221; x_wconf 85' lang='lat' dir='ltr'>se</span> <span class='ocrx_word' id='word_1_117' title='bbox 657 2161 723 2222; x_wconf 80' lang='lat' dir='ltr'>veri</span> <span class='ocrx_word' id='word_1_118' title='bbox 752 2182 864 2242; x_wconf 90' lang='lat' dir='ltr'>parum</span> <span class='ocrx_word' id='word_1_119' title='bbox 891 2161 1003 2222; x_wconf 85' lang='lat' dir='ltr'>similis</span> <span class='ocrx_word' id='word_1_120' title='bbox 1032 2163 1099 2224; x_wconf 91' lang='lat' dir='ltr'>tum</span> <span class='ocrx_word' id='word_1_121' title='bbox 1132 2165 1263 2242; x_wconf 88' lang='lat' dir='ltr'>propter</span> <span class='ocrx_word' id='word_1_122' title='bbox 1292 2163 1424 2243; x_wconf 56' lang='lat' dir='ltr'>apphia</span> 
     </span>
     <span class='ocr_line' id='line_1_18' title="bbox 292 2268 1425 2352; baseline 0 -22"><span class='ocrx_word' id='word_1_123' title='bbox 292 2268 444 2331; x_wconf 81' lang='lat' dir='ltr'>Zenodoti</span> <span class='ocrx_word' id='word_1_124' title='bbox 461 2269 702 2352; x_wconf 83' lang='lat' dir='ltr'>Aristarehique</span> <span class='ocrx_word' id='word_1_125' title='bbox 717 2271 848 2332; x_wconf 88' lang='lat' dir='ltr'>uomina</span> <span class='ocrx_word' id='word_1_126' title='bbox 865 2269 1099 2351; x_wconf 89' lang='lat' dir='ltr'>improbabilis:</span> <span class='ocrx_word' id='word_1_127' title='bbox 1124 2275 1236 2332; x_wconf 89' lang='lat' dir='ltr'>contra</span> <span class='ocrx_word' id='word_1_128' title='bbox 1259 2292 1324 2333; x_wconf 93' lang='lat' dir='ltr'>non</span> <span class='ocrx_word' id='word_1_129' title='bbox 1344 2271 1425 2332; x_wconf 84' lang='lat' dir='ltr'>modo</span> 
     </span>
     <span class='ocr_line' id='line_1_19' title="bbox 292 2378 1421 2463; baseline 0 -24"><span class='ocrx_word' id='word_1_130' title='bbox 292 2378 356 2440; x_wconf 89' lang='lat' dir='ltr'>ullo</span> <span class='ocrx_word' id='word_1_131' title='bbox 372 2382 457 2442; x_wconf 81' lang='lat' dir='ltr'>certo</span> <span class='ocrx_word' id='word_1_132' title='bbox 474 2385 662 2463; x_wconf 80' lang='lat' dir='ltr'>argumento</span> <span class='ocrx_word' id='word_1_133' title='bbox 678 2379 911 2462; x_wconf 86' lang='lat' dir='ltr'>improbabilis,</span> <span class='ocrx_word' id='word_1_134' title='bbox 931 2379 985 2441; x_wconf 85' lang='lat' dir='ltr'>sed</span> <span class='ocrx_word' id='word_1_135' title='bbox 1003 2401 1073 2442; x_wconf 85' lang='lat' dir='ltr'>eum</span> <span class='ocrx_word' id='word_1_136' title='bbox 1090 2383 1219 2461; x_wconf 84' lang='lat' dir='ltr'>propter</span> <span class='ocrx_word' id='word_1_137' title='bbox 1234 2381 1421 2442; x_wconf 80' lang='lat' dir='ltr'>necessarias</span> 
     </span>
     <span class='ocr_line' id='line_1_20' title="bbox 292 2489 1422 2571; baseline 0 -23"><span class='ocrx_word' id='word_1_138' title='bbox 292 2490 404 2549; x_wconf 88' lang='lat' dir='ltr'>harum</span> <span class='ocrx_word' id='word_1_139' title='bbox 442 2490 618 2551; x_wconf 85' lang='lat' dir='ltr'>litterarum</span> <span class='ocrx_word' id='word_1_140' title='bbox 657 2489 796 2552; x_wconf 85' lang='lat' dir='ltr'>rationes</span> <span class='ocrx_word' id='word_1_141' title='bbox 834 2489 1006 2571; x_wconf 87' lang='lat' dir='ltr'>probabilis</span> <span class='ocrx_word' id='word_1_142' title='bbox 1043 2493 1110 2552; x_wconf 89' lang='lat' dir='ltr'>tum</span> <span class='ocrx_word' id='word_1_143' title='bbox 1146 2489 1422 2552; x_wconf 79' lang='lat' dir='ltr'>Callimaoheormn</span> 
     </span>
     <span class='ocr_line' id='line_1_21' title="bbox 292 2597 1422 2680; baseline -0.001 -24"><span class='ocrx_word' id='word_1_144' title='bbox 292 2598 467 2658; x_wconf 85' lang='lat' dir='ltr'>stadiorum</span> <span class='ocrx_word' id='word_1_145' title='bbox 505 2598 712 2660; x_wconf 84' lang='lat' dir='ltr'>similitudine</span> <span class='ocrx_word' id='word_1_146' title='bbox 747 2598 1006 2661; x_wconf 85' lang='lat' dir='ltr'>commendabilis</span> <span class='ocrx_word' id='word_1_147' title='bbox 1040 2597 1193 2661; x_wconf 84' lang='lat' dir='ltr'>Zenodoti</span> <span class='ocrx_word' id='word_1_148' title='bbox 1233 2621 1304 2660; x_wconf 87' lang='lat' dir='ltr'>eum</span> <span class='ocrx_word' id='word_1_149' title='bbox 1339 2598 1422 2680; x_wconf 79' lang='lat' dir='ltr'>Lyco</span> 
     </span>
     <span class='ocr_line' id='line_1_22' title="bbox 293 2705 1420 2790; baseline 0 -25"><span class='ocrx_word' id='word_1_150' title='bbox 293 2705 413 2785; x_wconf 88' lang='lat' dir='ltr'>phrouc</span> <span class='ocrx_word' id='word_1_151' title='bbox 443 2713 474 2768; x_wconf 91' lang='lat' dir='ltr'>ct</span> <span class='ocrx_word' id='word_1_152' title='bbox 497 2708 679 2769; x_wconf 84' lang='lat' dir='ltr'>Alexandro</span> <span class='ocrx_word' id='word_1_153' title='bbox 708 2729 744 2768; x_wconf 84' lang='lat' dir='ltr'>ea</span> <span class='ocrx_word' id='word_1_154' title='bbox 773 2708 922 2788; x_wconf 83' lang='lat' dir='ltr'>societas,</span> <span class='ocrx_word' id='word_1_155' title='bbox 952 2731 1013 2790; x_wconf 82' lang='lat' dir='ltr'>qua</span> <span class='ocrx_word' id='word_1_156' title='bbox 1036 2708 1201 2789; x_wconf 82' lang='lat' dir='ltr'>dispositio</span> <span class='ocrx_word' id='word_1_157' title='bbox 1225 2708 1376 2790; x_wconf 84' lang='lat' dir='ltr'>quaedam</span> <span class='ocrx_word' id='word_1_158' title='bbox 1398 2713 1420 2766; x_wconf 85' lang='lat' dir='ltr'>el</span> 
     </span>
     <span class='ocr_line' id='line_1_23' title="bbox 292 2814 1420 2898; baseline -0.001 -21"><span class='ocrx_word' id='word_1_159' title='bbox 292 2814 463 2896; x_wconf 77' lang='lat' dir='ltr'>descriptio</span> <span class='ocrx_word' id='word_1_160' title='bbox 486 2817 647 2898; x_wconf 87' lang='lat' dir='ltr'>copiarum</span> <span class='ocrx_word' id='word_1_161' title='bbox 670 2817 960 2880; x_wconf 82' lang='lat' dir='ltr'>Alexandrinarinn</span> <span class='ocrx_word' id='word_1_162' title='bbox 983 2819 1170 2880; x_wconf 83' lang='lat' dir='ltr'>efficeretur.</span> <span class='ocrx_word' id='word_1_163' title='bbox 1209 2816 1328 2890; x_wconf 75' lang='lat' dir='ltr'>Quodsi</span> <span class='ocrx_word' id='word_1_164' title='bbox 1349 2818 1420 2879; x_wconf 75' lang='lat' dir='ltr'>baur·</span> 
     </span>
     <span class='ocr_line' id='line_1_24' title="bbox 291 2925 1421 3009; baseline 0 -23"><span class='ocrx_word' id='word_1_165' title='bbox 291 2925 394 3007; x_wconf 88' lang='lat' dir='ltr'>ipsam</span> <span class='ocrx_word' id='word_1_166' title='bbox 417 2948 546 3008; x_wconf 90' lang='lat' dir='ltr'>operam</span> <span class='ocrx_word' id='word_1_167' title='bbox 569 2949 604 2988; x_wconf 92' lang='lat' dir='ltr'>eo</span> <span class='ocrx_word' id='word_1_168' title='bbox 627 2949 724 3008; x_wconf 74' lang='lat' dir='ltr'>usipie</span> <span class='ocrx_word' id='word_1_169' title='bbox 748 2927 937 3009; x_wconf 82' lang='lat' dir='ltr'>pertinuisse</span> <span class='ocrx_word' id='word_1_170' title='bbox 967 2928 1156 3007; x_wconf 84' lang='lat' dir='ltr'>conieceris,</span> <span class='ocrx_word' id='word_1_171' title='bbox 1181 2931 1216 2988; x_wconf 92' lang='lat' dir='ltr'>ut</span> <span class='ocrx_word' id='word_1_172' title='bbox 1242 2927 1340 2989; x_wconf 84' lang='lat' dir='ltr'>etiam</span> <span class='ocrx_word' id='word_1_173' title='bbox 1367 2947 1421 2987; x_wconf 89' lang='lat' dir='ltr'>eor·</span> 
     </span>
    </p>

    <p class='ocr_par' dir='ltr' id='par_1_4' title="bbox 240 3036 1421 3774">
     <span class='ocr_line' id='line_1_25' title="bbox 240 3036 1421 3118; baseline 0.003 -25"><span class='ocrx_word' id='word_1_174' title='bbox 240 3048 272 3096; x_wconf 66' lang='grc'>18</span> <span class='ocrx_word' id='word_1_175' title='bbox 290 3057 402 3116; x_wconf 89' lang='lat' dir='ltr'>porum</span> <span class='ocrx_word' id='word_1_176' title='bbox 432 3037 629 3117; x_wconf 86' lang='lat' dir='ltr'>quorundam</span> <span class='ocrx_word' id='word_1_177' title='bbox 652 3036 826 3118; x_wconf 86' lang='lat' dir='ltr'>epicorum,</span> <span class='ocrx_word' id='word_1_178' title='bbox 855 3037 1065 3118; x_wconf 83' lang='lat' dir='ltr'>tragicorum,</span> <span class='ocrx_word' id='word_1_179' title='bbox 1097 3036 1288 3099; x_wconf 84' lang='lat' dir='ltr'>comicorum</span> <span class='ocrx_word' id='word_1_180' title='bbox 1311 3055 1421 3116; x_wconf 79' lang='lat' dir='ltr'>compo</span> 
     </span>
     <span class='ocr_line' id='line_1_26' title="bbox 291 3141 1420 3228; baseline -0.003 -24"><span class='ocrx_word' id='word_1_181' title='bbox 291 3144 454 3221; x_wconf 74' lang='lat' dir='ltr'>sitiones,</span> <span class='ocrx_word' id='word_1_182' title='bbox 485 3145 559 3207; x_wconf 86' lang='lat' dir='ltr'>licet</span> <span class='ocrx_word' id='word_1_183' title='bbox 582 3149 746 3207; x_wconf 81' lang='lat' dir='ltr'>externam</span> <span class='ocrx_word' id='word_1_184' title='bbox 772 3149 913 3226; x_wconf 88' lang='lat' dir='ltr'>tantum,</span> <span class='ocrx_word' id='word_1_185' title='bbox 945 3144 1234 3227; x_wconf 89' lang='lat' dir='ltr'>comprehenderit:</span> <span class='ocrx_word' id='word_1_186' title='bbox 1264 3145 1369 3228; x_wconf 85' lang='lat' dir='ltr'>nequit</span> <span class='ocrx_word' id='word_1_187' title='bbox 1395 3141 1420 3203; x_wconf 91' lang='lat' dir='ltr'>id</span> 
     </span>
     <span class='ocr_line' id='line_1_27' title="bbox 290 3252 1418 3337; baseline 0.005 -26"><span class='ocrx_word' id='word_1_188' title='bbox 290 3252 501 3315; x_wconf 87' lang='lat' dir='ltr'>demonstrari</span> <span class='ocrx_word' id='word_1_189' title='bbox 525 3255 655 3316; x_wconf 79' lang='lat' dir='ltr'>(murino</span> <span class='ocrx_word' id='word_1_190' title='bbox 677 3256 744 3316; x_wconf 81' lang='lat' dir='ltr'>lieri</span> <span class='ocrx_word' id='word_1_191' title='bbox 769 3277 833 3317; x_wconf 92' lang='lat' dir='ltr'>non</span> <span class='ocrx_word' id='word_1_192' title='bbox 857 3256 1011 3337; x_wconf 85' lang='lat' dir='ltr'>potuisse,</span> <span class='ocrx_word' id='word_1_193' title='bbox 1036 3254 1090 3316; x_wconf 84' lang='lat' dir='ltr'>sed</span> <span class='ocrx_word' id='word_1_194' title='bbox 1114 3254 1285 3316; x_wconf 84' lang='lat' dir='ltr'>verendum</span> <span class='ocrx_word' id='word_1_195' title='bbox 1313 3259 1418 3317; x_wconf 81' lang='lat' dir='ltr'>taurea.</span> 
     </span>
     <span class='ocr_line' id='line_1_28' title="bbox 291 3362 1418 3447; baseline -0.004 -23"><span class='ocrx_word' id='word_1_196' title='bbox 291 3384 331 3424; x_wconf 87' lang='lat' dir='ltr'>ne</span> <span class='ocrx_word' id='word_1_197' title='bbox 355 3363 400 3425; x_wconf 87' lang='lat' dir='ltr'>ita</span> <span class='ocrx_word' id='word_1_198' title='bbox 416 3364 549 3426; x_wconf 85' lang='lat' dir='ltr'>rrinrium</span> <span class='ocrx_word' id='word_1_199' title='bbox 565 3365 732 3447; x_wconf 69' lang='lat' dir='ltr'>indulgeas</span> <span class='ocrx_word' id='word_1_200' title='bbox 757 3365 972 3445; x_wconf 85' lang='lat' dir='ltr'>coniecturae,</span> <span class='ocrx_word' id='word_1_201' title='bbox 998 3385 1109 3445; x_wconf 89' lang='lat' dir='ltr'>parum</span> <span class='ocrx_word' id='word_1_202' title='bbox 1125 3364 1281 3426; x_wconf 85' lang='lat' dir='ltr'>subsistas</span> <span class='ocrx_word' id='word_1_203' title='bbox 1297 3365 1330 3425; x_wconf 91' lang='lat' dir='ltr'>in</span> <span class='ocrx_word' id='word_1_204' title='bbox 1344 3362 1418 3424; x_wconf 84' lang='lat' dir='ltr'>tosti·</span> 
     </span>
     <span class='ocr_line' id='line_1_29' title="bbox 290 3470 1418 3554; baseline -0.006 -21"><span class='ocrx_word' id='word_1_205' title='bbox 290 3474 467 3538; x_wconf 87' lang='lat' dir='ltr'>moniorum</span> <span class='ocrx_word' id='word_1_206' title='bbox 498 3474 659 3536; x_wconf 90' lang='lat' dir='ltr'>memoria.</span> <span class='ocrx_word' id='word_1_207' title='bbox 718 3475 800 3536; x_wconf 85' lang='lat' dir='ltr'>b&#39;am</span> <span class='ocrx_word' id='word_1_208' title='bbox 831 3497 901 3536; x_wconf 86' lang='lat' dir='ltr'>enm</span> <span class='ocrx_word' id='word_1_209' title='bbox 936 3474 1027 3536; x_wconf 76' lang='lat' dir='ltr'>abis</span> <span class='ocrx_word' id='word_1_210' title='bbox 1061 3494 1183 3554; x_wconf 83' lang='lat' dir='ltr'>quoque</span> <span class='ocrx_word' id='word_1_211' title='bbox 1213 3470 1418 3535; x_wconf 80' lang='lat' dir='ltr'>coniciendum</span> 
     </span>
     <span class='ocr_line' id='line_1_30' title="bbox 290 3581 1417 3663; baseline -0.004 -22"><span class='ocrx_word' id='word_1_212' title='bbox 290 3586 338 3642; x_wconf 82' lang='lat' dir='ltr'>est</span> <span class='ocrx_word' id='word_1_213' title='bbox 366 3605 459 3663; x_wconf 85' lang='lat' dir='ltr'>sane,</span> <span class='ocrx_word' id='word_1_214' title='bbox 489 3584 623 3645; x_wconf 83' lang='lat' dir='ltr'>facimus</span> <span class='ocrx_word' id='word_1_215' title='bbox 653 3585 712 3645; x_wconf 88' lang='lat' dir='ltr'>lioc</span> <span class='ocrx_word' id='word_1_216' title='bbox 741 3607 805 3645; x_wconf 91' lang='lat' dir='ltr'>non</span> <span class='ocrx_word' id='word_1_217' title='bbox 833 3582 965 3644; x_wconf 87' lang='lat' dir='ltr'>libidine</span> <span class='ocrx_word' id='word_1_218' title='bbox 995 3582 1134 3663; x_wconf 85' lang='lat' dir='ltr'>abrepti,</span> <span class='ocrx_word' id='word_1_219' title='bbox 1166 3581 1220 3644; x_wconf 86' lang='lat' dir='ltr'>sed</span> <span class='ocrx_word' id='word_1_220' title='bbox 1250 3581 1348 3644; x_wconf 85' lang='lat' dir='ltr'>eoacti</span> <span class='ocrx_word' id='word_1_221' title='bbox 1374 3598 1417 3639; x_wconf 91' lang='lat' dir='ltr'>ne·</span> 
     </span>
     <span class='ocr_line' id='line_1_31' title="bbox 291 3691 1416 3774; baseline -0.003 -24"><span class='ocrx_word' id='word_1_222' title='bbox 291 3691 453 3754; x_wconf 82' lang='lat' dir='ltr'>cessitate:</span> <span class='ocrx_word' id='word_1_223' title='bbox 489 3693 561 3774; x_wconf 84' lang='lat' dir='ltr'>qnia</span> <span class='ocrx_word' id='word_1_224' title='bbox 596 3692 747 3774; x_wconf 83' lang='lat' dir='ltr'>aliquid</span> <span class='ocrx_word' id='word_1_225' title='bbox 777 3696 883 3753; x_wconf 86' lang='lat' dir='ltr'>tamen</span> <span class='ocrx_word' id='word_1_226' title='bbox 913 3692 973 3752; x_wconf 83' lang='lat' dir='ltr'>ista</span> <span class='ocrx_word' id='word_1_227' title='bbox 1003 3691 1164 3774; x_wconf 74' lang='lat' dir='ltr'>significet</span> <span class='ocrx_word' id='word_1_228' title='bbox 1194 3695 1347 3752; x_wconf 86' lang='lat' dir='ltr'>certonua</span> <span class='ocrx_word' id='word_1_229' title='bbox 1372 3709 1416 3747; x_wconf 82' lang='lat' dir='ltr'>uo-</span> 
     </span>
    </p>
   </div>
   <div class='ocr_carea' id='block_1_3' title="bbox 289 3787 896 3882">
    <p class='ocr_par' dir='ltr' id='par_1_5' title="bbox 289 3787 896 3882">
     <span class='ocr_line' id='line_1_32' title="bbox 289 3787 896 3882; baseline 0.003 -22"><span class='ocrx_word' id='word_1_230' title='bbox 289 3799 409 3861; x_wconf 87' lang='lat' dir='ltr'>minmn</span> <span class='ocrx_word' id='word_1_231' title='bbox 433 3787 529 3862; x_wconf 87' lang='lat' dir='ltr'>triuin</span> <span class='ocrx_word' id='word_1_232' title='bbox 555 3802 736 3863; x_wconf 74' lang='lat' dir='ltr'>eimiunetio</span> <span class='ocrx_word' id='word_1_233' title='bbox 760 3806 896 3882; x_wconf 82' lang='lat' dir='ltr'>oportet.</span> 
     </span>
    </p>
   </div>
   <div class='ocr_carea' id='block_1_4' title="bbox 287 4004 1416 4434">
    <p class='ocr_par' dir='ltr' id='par_1_6' title="bbox 287 4004 1416 4434">
     <span class='ocr_line' id='line_1_33' title="bbox 825 4004 896 4080; baseline -0.028 -15"><span class='ocrx_word' id='word_1_234' title='bbox 825 4004 896 4080; x_wconf 66' lang='lat' dir='ltr'>§l</span> 
     </span>
     <span class='ocr_line' id='line_1_34' title="bbox 510 4119 1211 4183; baseline -0.001 -1"><span class='ocrx_word' id='word_1_235' title='bbox 510 4121 563 4182; x_wconf 86' lang='lat' dir='ltr'>lle</span> <span class='ocrx_word' id='word_1_236' title='bbox 592 4120 837 4183; x_wconf 68' lang='lat' dir='ltr'>Callimacho</span> <span class='ocrx_word' id='word_1_237' title='bbox 866 4125 903 4180; x_wconf 89' lang='lat' dir='ltr'>et</span> <span class='ocrx_word' id='word_1_238' title='bbox 932 4119 1211 4181; x_wconf 77' lang='lat' dir='ltr'>Eratosthene.</span> 
     </span>
     <span class='ocr_line' id='line_1_35' title="bbox 372 4244 1416 4328; baseline -0.005 -22"><span class='ocrx_word' id='word_1_239' title='bbox 372 4245 432 4307; x_wconf 91' lang='lat' dir='ltr'>His</span> <span class='ocrx_word' id='word_1_240' title='bbox 455 4251 593 4328; x_wconf 76' lang='lat' dir='ltr'>eognata</span> <span class='ocrx_word' id='word_1_241' title='bbox 616 4251 664 4308; x_wconf 87' lang='lat' dir='ltr'>est</span> <span class='ocrx_word' id='word_1_242' title='bbox 680 4245 866 4310; x_wconf 74' lang='lat' dir='ltr'>[allaaaehi</span> <span class='ocrx_word' id='word_1_243' title='bbox 891 4268 1011 4308; x_wconf 84' lang='lat' dir='ltr'>caussa.</span> <span class='ocrx_word' id='word_1_244' title='bbox 1050 4245 1081 4306; x_wconf 89' lang='lat' dir='ltr'>ls</span> <span class='ocrx_word' id='word_1_245' title='bbox 1105 4245 1189 4305; x_wconf 91' lang='lat' dir='ltr'>enim</span> <span class='ocrx_word' id='word_1_246' title='bbox 1213 4265 1282 4305; x_wconf 74' lang='lat' dir='ltr'>erun</span> <span class='ocrx_word' id='word_1_247' title='bbox 1304 4244 1416 4318; x_wconf 69' lang='lat' dir='ltr'>snam</span> 
     </span>
     <span class='ocr_line' id='line_1_36' title="bbox 287 4344 1416 4434; baseline -0.01 -19"><span class='ocrx_word' id='word_1_248' title='bbox 287 4359 483 4418; x_wconf 77' lang='lat' dir='ltr'>aolanrim&#39;lms</span> <span class='ocrx_word' id='word_1_249' title='bbox 518 4363 618 4418; x_wconf 68' lang='lat' dir='ltr'>titulos</span> <span class='ocrx_word' id='word_1_250' title='bbox 655 4363 841 4432; x_wconf 70' lang='lat' dir='ltr'>iasoipsisse</span> <span class='ocrx_word' id='word_1_251' title='bbox 877 4355 1007 4426; x_wconf 85' lang='lat' dir='ltr'>dicitur,</span> <span class='ocrx_word' id='word_1_252' title='bbox 1048 4354 1106 4415; x_wconf 88' lang='lat' dir='ltr'>hoo</span> <span class='ocrx_word' id='word_1_253' title='bbox 1143 4354 1188 4414; x_wconf 84' lang='lat' dir='ltr'>ita</span> <span class='ocrx_word' id='word_1_254' title='bbox 1225 4344 1416 4434; x_wconf 83' lang='lat' dir='ltr'>interpretati</span> 
     </span>
    </p>
   </div>
   <div class='ocr_carea' id='block_1_5' title="bbox 0 0 1496 5146">
    <p class='ocr_par' dir='ltr' id='par_1_7' title="bbox 0 0 1496 5146">
     <span class='ocr_line' id='line_1_37' title="bbox 0 0 1496 5146; baseline 0 2"><span class='ocrx_word' id='word_1_255' title='bbox 0 0 1496 5146; x_wconf 95' lang='lat' dir='ltr'> </span> 
     </span>
    </p>
   </div>
  </div>
 </body>
</html>
