2976 5140
220 421 464 472 nrruonocror
486 419 700 470 1111111111
724 420 847 470 naama
870 419 1089 471 nascnmmo.
1161 401 1224 468 675

94 581 210 656 mutuas
232 577 373 641 rationes
389 580 420 640 et
436 574 576 660 origines
593 573 847 660 cognoscendas,
873 595 950 658 quas
966 573 1042 638 olim
1057 573 1223 658 tetigimus

94 688 352 752 commentatione
375 685 414 751 de
437 687 502 752 Oro
524 689 557 750 et
573 686 692 751 Orione
715 685 782 768 §Q
805 683 869 748 nisi
890 685 1033 748 fallimur
1055 707 1120 749 non
1142 683 1223 748 nulli

92 797 155 860 usui
177 819 243 862 esse
266 797 393 882 poterit.
425 795 570 861 Fecimus
593 801 699 861 autem
714 796 749 859 in
764 797 824 860 hoc
847 795 949 859 lexico
971 795 1103 877 edendo,
1127 793 1220 878 quod,

92 909 124 970 111
144 907 181 971 G.
198 906 377 972 Hermanni
399 907 503 972 verbis
526 911 653 971 utamur
675 905 709 970 in
731 905 828 970 simili
851 927 963 970 caussa
984 905 1096 990 positis
1119 904 1221 989 praef.

91 1017 122 1080 in
143 1017 236 1082 Drac.
260 1017 402 1083 Straton.
427 1041 458 1102 p.
483 1016 562 1098 VII,
586 1021 765 1094 faciendum
787 1024 818 1082 ia
841 1021 974 1082 omnibns
996 1027 1040 1080 est
1060 1022 1221 1096 1111111111·-

90 1149 162 1191 mum
183 1134 328 1206 eduntur,
361 1139 394 1192 ut
414 1135 512 1208 ipsam
533 1133 648 1192 codicis
668 1135 853 1208 scripturum
875 1133 1066 1206 quantumuis
1087 1132 1222 1191 uitiosum

90 1243 298 1317 exhiberemus,
323 1261 381 1318 quo
404 1260 451 1316 ac,
476 1243 602 1318 quadiu
617 1243 777 1320 Hesycbr'o,
801 1243 978 1318 Etymotopo
1000 1243 1127 1316 utrisque
1148 1243 1219 1300 mul-

90 1353 332 1430 descriptoribus
348 1353 467 1426 socrum
490 1353 631 1426 dolemus,
656 1355 695 1412 de
716 1356 782 1428 ipsa
797 1355 935 1432 codicum
957 1354 1082 1412 lectione
1104 1351 1222 1412 dubito·

89 1466 126 1522 u'o
150 1467 263 1523 moueri
285 1471 395 1539 posset.
440 1458 580 1542 Eiusque
608 1458 733 1524 consilii
768 1459 865 1523 etiam
898 1457 1033 1522 alteram
1061 1457 1221 1542 quandam

90 1569 240 1634 rationem
268 1569 448 1634 habuimus.
493 1567 578 1633 Nam
606 1591 677 1633 cum
699 1569 817 1633 nullius
840 1569 963 1653 negotii
985 1573 1069 1632 11111
1091 1567 1221 1633 mendo-

89 1699 166 1763 rum,
201 1679 315 1763 quibua
338 1684 440 1746 scatet
463 1679 577 1762 codex,
607 1701 705 1764 prope
728 1679 889 1744 infinitam
911 1677 1149 1743 multitudinem
1171 1679 1221 1742 vel

89 1791 156 1855 solis
189 1790 341 1855 adhibitis
374 1789 605 1876 Etymologicis
638 1790 766 1872 tollere,
805 1790 949 1853 consulto
984 1790 1143 1854 noluimus
1176 1789 1221 1852 cis

88 1905 236 1984 restrum,
260 1901 373 1984 quibus
395 1901 475 1964 haec
497 1900 602 1964 studia
625 1899 711 1962 cordi
734 1901 825 1982 sunt,
849 1899 984 1984 scriptos
1007 1903 1114 1963 autem
1137 1899 1220 1962 codi-

88 2031 134 2074 ces
149 2011 306 2095 inspicere
328 2033 394 2075 non
417 2011 564 2095 contigit,
588 2011 638 2074 vel
654 2008 895 2094 cognoscendae
918 2011 1120 2074 librariorum
1143 2031 1220 2094 neg·

87 2119 241 2206 legentiae
272 2122 451 2205 exemplum
479 2121 665 2184 subtrahere
693 2122 743 2185 vel
773 2120 896 2206 ingenii
925 2120 1094 2185 exercendi
1122 2123 1220 2185 mate-

86 2231 160 2294 riam
182 2231 374 2314 praeripere..
406 2230 463 2296 Cui
479 2229 701 2294 exercitationi
717 2230 936 2315 Angelicanus
959 2231 1040 2294 liber
1062 2229 1219 2313 imprimis

86 2345 173 2424 aptus
201 2344 250 2404 111
257 2392 265 2424 ,
299 2345 335 2404 ut
362 2363 455 2425 quem
483 2363 521 2404 ex
551 2341 730 2424 antiquiore
765 2339 873 2405 codice
906 2340 990 2404 lectu
1019 2341 1219 2424 aliquantum

86 2451 204 2516 difficili
226 2451 420 2534 descriptum
443 2473 511 2514 esse
535 2455 689 2534 appareat
705 2473 723 2514 a
739 2450 869 2515 librario
892 2451 1007 2515 veteris
1029 2451 1217 2534 scripturae,

85 2561 216 2624 maxime
239 2565 346 2625 autem
375 2561 535 2626 scribendi
559 2560 817 2644 compendiorum
846 2561 1060 2646 ignarissimo.
1106 2561 1219 2646 Itaque

86 2691 145 2734 non
176 2671 293 2734 rectius
326 2671 439 2736 vestris
471 2671 649 2735 rationibus
684 2671 804 2735 consuli
837 2671 1019 2756 putavimus
1051 2693 1146 2756 quam
1179 2671 1216 2754 si,

85 2802 294 2866 quaecumque
317 2782 539 2846 emendatione
555 2785 663 2866 egent,
687 2781 810 2846 intacta
826 2783 1075 2867 relinqueremus
1098 2781 1216 2846 omnia.

86 2891 225 2975 Aequum
251 2895 299 2956 est
328 2893 414 2956 enim
441 2914 506 2955 non
534 2892 650 2956 litteris
676 2895 804 2956 tantum
831 2897 863 2957 et
886 2891 1003 2974 doctis,
1038 2891 1093 2956 sed
1120 2893 1218 2956 etiam

86 3000 141 3084 eis,
164 3002 218 3086 qui
240 3023 308 3066 sese
331 3001 440 3066 doctos
462 3001 532 3066 fieri
553 3000 693 3086 student,
717 3001 797 3067 haec
819 3003 980 3087 prooemia
1002 3002 1109 3067 scribi.

160 3559 328 3644 Pergirnus
351 3581 416 3624 non
438 3559 509 3624 aliis
531 3561 646 3645 potius,
672 3561 727 3625 sed
740 3561 830 3626 vobis
852 3563 1005 3627 scribere:
1028 3564 1055 3626 si
1072 3564 1211 3628 scribere
1231 3579 1262 3628 ΙΙΙ

82 3670 211 3733 estnon
234 3693 253 3732 a
276 3691 309 3732 se
332 3669 452 3753 scripta
481 3671 654 3754 publicare.
701 3671 768 3736 Nec
796 3671 881 3737 euim
909 3696 981 3757 spes
1008 3673 1125 3737 fefellit
1147 3675 1215 3738 fore

82 3781 113 3839 ut
139 3779 272 3843 elerici
300 3779 384 3843 illius
412 3780 622 3864 Angelicani,
653 3782 741 3846 cuius
769 3805 871 3867 nuper
897 3783 1026 3848 initium
1053 3783 1216 3848 vobiscum

81 3889 395 3973 communicavimus,
419 3891 542 3954 curiosa
567 3891 760 3956 tractatione
781 3891 858 3956 boni
879 3893 914 3958 in
936 3915 1008 3978 vos,
1032 3893 1087 3978 qui
1109 3893 1143 3958 in
1165 3894 1215 3958 his

80 3998 187 4062 studiis
220 4000 409 4082 versamini,
449 3999 572 4064 fructus
609 4001 835 4066 redundarent.
885 4001 1009 4087 Quippe
1042 4004 1112 4088 ipsa
1146 4003 1213 4088 illa,

79 4129 155 4190 quae
184 4131 256 4174 cum
282 4109 430 4174 Gudiano
456 4111 656 4192 potissimum
684 4111 757 4176 huic
784 4112 1007 4198 Etymologico
1040 4113 1215 4178 similitudo

81 4259 277 4274 -————-

142 4343 167 4413 *)
207 4345 398 4416 [Prooemium
433 4344 533 4402 Indicis
569 4347 725 4404 scholarum
760 4350 931 4406 aestivarum
965 4349 1154 4407 Bonnensium
1188 4369 1213 4408 a.

79 4433 353 4508 crorocccxnvm

947 4532 1013 4611 43*
