<?xml version="1.0" encoding="UTF-8"?>
<!DOCTYPE html PUBLIC "-//W3C//DTD XHTML 1.0 Transitional//EN"
    "http://www.w3.org/TR/xhtml1/DTD/xhtml1-transitional.dtd">
<html xmlns="http://www.w3.org/1999/xhtml" xml:lang="en" lang="en">
 <head>
  <title>
</title>
<meta http-equiv="Content-Type" content="text/html;charset=utf-8" />
  <meta name='ocr-system' content='tesseract 3.04.00' />
  <meta name='ocr-capabilities' content='ocr_page ocr_carea ocr_par ocr_line ocrx_word'/>
</head>
<body>
  <div class='ocr_page' id='page_1' title='image "./fridericiritsch04ritsgoog_0724.png"; bbox 0 0 3052 5136; ppageno 0'>
   <div class='ocr_carea' id='block_1_1' title="bbox 513 325 1248 392">
    <p class='ocr_par' dir='ltr' id='par_1_1' title="bbox 513 325 1248 392">
     <span class='ocr_line' id='line_1_1' title="bbox 513 325 1248 392; baseline -0.007 0"><span class='ocrx_word' id='word_1_1' title='bbox 513 343 636 392; x_wconf 78' lang='lat' dir='ltr'><strong>rrasvrs</strong></span> <span class='ocrx_word' id='word_1_2' title='bbox 660 343 847 390; x_wconf 66' lang='lat' dir='ltr'><strong>saraceno.</strong></span> <span class='ocrx_word' id='word_1_3' title='bbox 1186 325 1248 388; x_wconf 71' lang='lat'><strong>(395</strong></span> 
     </span>
    </p>
   </div>
   <div class='ocr_carea' id='block_1_2' title="bbox 106 493 1248 1461">
    <p class='ocr_par' dir='ltr' id='par_1_2' title="bbox 106 493 1248 1461">
     <span class='ocr_line' id='line_1_2' title="bbox 109 493 1248 580; baseline -0.004 -20"><span class='ocrx_word' id='word_1_4' title='bbox 109 497 205 578; x_wconf 89' lang='lat' dir='ltr'><strong>deris,</strong></span> <span class='ocrx_word' id='word_1_5' title='bbox 229 497 420 580; x_wconf 75' lang='lat' dir='ltr'>aliquotiens</span> <span class='ocrx_word' id='word_1_6' title='bbox 443 499 567 578; x_wconf 89' lang='lat' dir='ltr'><strong>autern,</strong></span> <span class='ocrx_word' id='word_1_7' title='bbox 596 501 630 558; x_wconf 89' lang='lat' dir='ltr'><strong>ut</strong></span> <span class='ocrx_word' id='word_1_8' title='bbox 654 517 691 558; x_wconf 84' lang='lat' dir='ltr'><strong>ex</strong></span> <span class='ocrx_word' id='word_1_9' title='bbox 715 495 816 558; x_wconf 87' lang='lat' dir='ltr'><strong>latina</strong></span> <span class='ocrx_word' id='word_1_10' title='bbox 839 494 1103 577; x_wconf 79' lang='lat' dir='ltr'>interpretatione</span> <span class='ocrx_word' id='word_1_11' title='bbox 1126 493 1248 556; x_wconf 89' lang='lat' dir='ltr'><strong>intelle-</strong></span> 
     </span>
     <span class='ocr_line' id='line_1_3' title="bbox 109 602 1247 692; baseline -0.002 -22"><span class='ocrx_word' id='word_1_12' title='bbox 109 606 215 691; x_wconf 81' lang='lat' dir='ltr'><strong>gitur,</strong></span> <span class='ocrx_word' id='word_1_13' title='bbox 239 606 337 670; x_wconf 86' lang='lat' dir='ltr'><strong>etiam</strong></span> <span class='ocrx_word' id='word_1_14' title='bbox 359 607 488 690; x_wconf 87' lang='lat' dir='ltr'><strong>integra</strong></span> <span class='ocrx_word' id='word_1_15' title='bbox 510 605 695 688; x_wconf 88' lang='lat' dir='ltr'><strong>enuntiata,</strong></span> <span class='ocrx_word' id='word_1_16' title='bbox 724 605 821 670; x_wconf 89' lang='lat' dir='ltr'><strong>semel</strong></span> <span class='ocrx_word' id='word_1_17' title='bbox 847 603 877 692; x_wconf 86' lang='lat' dir='ltr'><strong>[a</strong></span> <span class='ocrx_word' id='word_1_18' title='bbox 899 627 931 688; x_wconf 92' lang='lat' dir='ltr'><strong>p.</strong></span> <span class='ocrx_word' id='word_1_19' title='bbox 955 605 1013 686; x_wconf 87' lang='lat'><strong>33,</strong></span> <span class='ocrx_word' id='word_1_20' title='bbox 1042 603 1062 666; x_wconf 82' lang='lat'><strong>2</strong></span> <span class='ocrx_word' id='word_1_21' title='bbox 1085 602 1125 666; x_wconf 89' lang='lat' dir='ltr'><strong>ad</strong></span> <span class='ocrx_word' id='word_1_22' title='bbox 1147 604 1204 686; x_wconf 80' lang='lat'><strong>35,</strong></span> <span class='ocrx_word' id='word_1_23' title='bbox 1227 605 1247 668; x_wconf 86' lang='lat'><strong>3</strong></span> 
     </span>
     <span class='ocr_line' id='line_1_4' title="bbox 109 713 1247 804; baseline -0.004 -24"><span class='ocrx_word' id='word_1_24' title='bbox 109 716 246 800; x_wconf 86' lang='lat' dir='ltr'><strong>exempli</strong></span> <span class='ocrx_word' id='word_1_25' title='bbox 270 715 478 804; x_wconf 83' lang='lat' dir='ltr'><strong>Crameriani]</strong></span> <span class='ocrx_word' id='word_1_26' title='bbox 502 719 604 780; x_wconf 88' lang='lat' dir='ltr'><strong>toturn</strong></span> <span class='ocrx_word' id='word_1_27' title='bbox 627 715 705 780; x_wconf 89' lang='lat' dir='ltr'><strong>adeo</strong></span> <span class='ocrx_word' id='word_1_28' title='bbox 727 715 854 798; x_wconf 87' lang='lat' dir='ltr'><strong>folium,</strong></span> <span class='ocrx_word' id='word_1_29' title='bbox 884 714 943 778; x_wconf 93' lang='lat' dir='ltr'><strong>hoc</strong></span> <span class='ocrx_word' id='word_1_30' title='bbox 966 713 1093 798; x_wconf 89' lang='lat' dir='ltr'><strong>quidem</strong></span> <span class='ocrx_word' id='word_1_31' title='bbox 1116 713 1247 776; x_wconf 86' lang='lat' dir='ltr'><strong>adverso</strong></span> 
     </span>
     <span class='ocr_line' id='line_1_5' title="bbox 110 823 1247 910; baseline -0.004 -20"><span class='ocrx_word' id='word_1_32' title='bbox 110 825 197 890; x_wconf 87' lang='lat' dir='ltr'><strong>casui</strong></span> <span class='ocrx_word' id='word_1_33' title='bbox 226 826 430 891; x_wconf 86' lang='lat' dir='ltr'><strong>tribuendum</strong></span> <span class='ocrx_word' id='word_1_34' title='bbox 459 847 526 890; x_wconf 87' lang='lat' dir='ltr'><strong>esse</strong></span> <span class='ocrx_word' id='word_1_35' title='bbox 554 829 705 910; x_wconf 87' lang='lat' dir='ltr'><strong>apparet,</strong></span> <span class='ocrx_word' id='word_1_36' title='bbox 739 825 816 890; x_wconf 92' lang='lat' dir='ltr'><strong>illud</strong></span> <span class='ocrx_word' id='word_1_37' title='bbox 846 829 953 890; x_wconf 84' lang='lat' dir='ltr'><strong>autem</strong></span> <span class='ocrx_word' id='word_1_38' title='bbox 979 846 1045 888; x_wconf 90' lang='lat' dir='ltr'><strong>non</strong></span> <span class='ocrx_word' id='word_1_39' title='bbox 1073 823 1247 888; x_wconf 88' lang='lat' dir='ltr'><strong>breviantis</strong></span> 
     </span>
     <span class='ocr_line' id='line_1_6' title="bbox 110 934 1245 1020; baseline -0.002 -22"><span class='ocrx_word' id='word_1_40' title='bbox 110 936 260 1020; x_wconf 87' lang='lat' dir='ltr'><strong>consilio,</strong></span> <span class='ocrx_word' id='word_1_41' title='bbox 293 937 349 1000; x_wconf 90' lang='lat' dir='ltr'><strong>sed</strong></span> <span class='ocrx_word' id='word_1_42' title='bbox 375 937 577 1001; x_wconf 72' lang='lat' dir='ltr'><strong>festinationi</strong></span> <span class='ocrx_word' id='word_1_43' title='bbox 605 939 733 1000; x_wconf 88' lang='lat' dir='ltr'><strong>tantum</strong></span> <span class='ocrx_word' id='word_1_44' title='bbox 762 936 894 1000; x_wconf 88' lang='lat' dir='ltr'><strong>librarii.</strong></span> <span class='ocrx_word' id='word_1_45' title='bbox 941 935 1036 1000; x_wconf 82' lang='lat' dir='ltr'><strong>Cuius</strong></span> <span class='ocrx_word' id='word_1_46' title='bbox 1064 934 1171 1018; x_wconf 88' lang='lat' dir='ltr'><strong>lapsus</strong></span> <span class='ocrx_word' id='word_1_47' title='bbox 1200 937 1245 1015; x_wconf 90' lang='lat' dir='ltr'><strong>ut,</strong></span> 
     </span>
     <span class='ocr_line' id='line_1_7' title="bbox 108 1045 1247 1130; baseline -0.002 -20"><span class='ocrx_word' id='word_1_48' title='bbox 108 1049 264 1129; x_wconf 84' lang='lat' dir='ltr'><strong>quantum</strong></span> <span class='ocrx_word' id='word_1_49' title='bbox 297 1068 354 1130; x_wconf 91' lang='lat' dir='ltr'><strong>per</strong></span> <span class='ocrx_word' id='word_1_50' title='bbox 387 1047 445 1112; x_wconf 86' lang='lat' dir='ltr'><strong>otii</strong></span> <span class='ocrx_word' id='word_1_51' title='bbox 474 1047 641 1130; x_wconf 88' lang='lat' dir='ltr'><strong>penuriam</strong></span> <span class='ocrx_word' id='word_1_52' title='bbox 670 1045 796 1128; x_wconf 89' lang='lat' dir='ltr'><strong>liceret,</strong></span> <span class='ocrx_word' id='word_1_53' title='bbox 831 1045 1013 1110; x_wconf 87' lang='lat' dir='ltr'><strong>tolleremus</strong></span> <span class='ocrx_word' id='word_1_54' title='bbox 1047 1045 1247 1110; x_wconf 88' lang='lat' dir='ltr'><strong>coniecturae</strong></span> 
     </span>
     <span class='ocr_line' id='line_1_8' title="bbox 107 1153 1247 1241; baseline 0.001 -23"><span class='ocrx_word' id='word_1_55' title='bbox 107 1177 185 1239; x_wconf 89' lang='lat' dir='ltr'><strong>ope,</strong></span> <span class='ocrx_word' id='word_1_56' title='bbox 216 1155 416 1220; x_wconf 79' lang='lat' dir='ltr'><strong>adhibuimus</strong></span> <span class='ocrx_word' id='word_1_57' title='bbox 445 1161 607 1241; x_wconf 77' lang='lat' dir='ltr'><strong>tamquam</strong></span> <span class='ocrx_word' id='word_1_58' title='bbox 636 1156 767 1220; x_wconf 86' lang='lat' dir='ltr'><strong>alterius</strong></span> <span class='ocrx_word' id='word_1_59' title='bbox 796 1153 913 1220; x_wconf 87' lang='lat' dir='ltr'><strong>codicis</strong></span> <span class='ocrx_word' id='word_1_60' title='bbox 940 1155 1034 1220; x_wconf 89' lang='lat' dir='ltr'><strong>latini</strong></span> <span class='ocrx_word' id='word_1_61' title='bbox 1061 1155 1247 1238; x_wconf 74' lang='lat' dir='ltr'><strong>interpretis</strong></span> 
     </span>
     <span class='ocr_line' id='line_1_9' title="bbox 106 1264 1247 1350; baseline 0 -22"><span class='ocrx_word' id='word_1_62' title='bbox 106 1266 220 1348; x_wconf 79' lang='lat' dir='ltr'><strong>fidem3</strong></span> <span class='ocrx_word' id='word_1_63' title='bbox 243 1269 409 1348; x_wconf 89' lang='lat' dir='ltr'><strong>praeterea</strong></span> <span class='ocrx_word' id='word_1_64' title='bbox 431 1267 553 1350; x_wconf 89' lang='lat' dir='ltr'><strong>aliquot</strong></span> <span class='ocrx_word' id='word_1_65' title='bbox 574 1266 742 1350; x_wconf 87' lang='lat' dir='ltr'><strong>scripturis</strong></span> <span class='ocrx_word' id='word_1_66' title='bbox 765 1266 812 1328; x_wconf 89' lang='lat' dir='ltr'><strong>usi</strong></span> <span class='ocrx_word' id='word_1_67' title='bbox 836 1287 943 1328; x_wconf 87' lang='lat' dir='ltr'><strong>sumus</strong></span> <span class='ocrx_word' id='word_1_68' title='bbox 966 1287 983 1329; x_wconf 90' lang='lat' dir='ltr'><strong>e</strong></span> <span class='ocrx_word' id='word_1_69' title='bbox 1004 1264 1247 1330; x_wconf 87' lang='lat' dir='ltr'><strong>Vindobonensi</strong></span> 
     </span>
     <span class='ocr_line' id='line_1_10' title="bbox 107 1373 1247 1461; baseline 0.001 -24"><span class='ocrx_word' id='word_1_70' title='bbox 107 1373 190 1438; x_wconf 94' lang='lat' dir='ltr'><strong>libro</strong></span> <span class='ocrx_word' id='word_1_71' title='bbox 213 1397 246 1439; x_wconf 89' lang='lat' dir='ltr'><strong>n.</strong></span> <span class='ocrx_word' id='word_1_72' title='bbox 271 1375 366 1460; x_wconf 83' lang='lat' dir='ltr'>VIII,</span> <span class='ocrx_word' id='word_1_73' title='bbox 395 1377 449 1460; x_wconf 92' lang='lat' dir='ltr'><strong>qui</strong></span> <span class='ocrx_word' id='word_1_74' title='bbox 477 1381 525 1442; x_wconf 85' lang='lat' dir='ltr'><strong>est</strong></span> <span class='ocrx_word' id='word_1_75' title='bbox 552 1375 708 1440; x_wconf 89' lang='lat' dir='ltr'><strong>secundus</strong></span> <span class='ocrx_word' id='word_1_76' title='bbox 733 1377 790 1461; x_wconf 69' lang='lat' dir='ltr'><strong>(ll)</strong></span> <span class='ocrx_word' id='word_1_77' title='bbox 814 1375 1027 1458; x_wconf 87' lang='lat' dir='ltr'><strong>Bachmanni,</strong></span> <span class='ocrx_word' id='word_1_78' title='bbox 1050 1376 1170 1459; x_wconf 84' lang='lat' dir='ltr'><strong>aliquot</strong></span> <span class='ocrx_word' id='word_1_79' title='bbox 1192 1397 1247 1458; x_wconf 88' lang='lat' dir='ltr'><strong>pa-</strong></span> 
     </span>
    </p>
   </div>
   <div class='ocr_carea' id='block_1_3' title="bbox 105 1485 1246 1798">
    <p class='ocr_par' dir='ltr' id='par_1_3' title="bbox 105 1485 1246 1798">
     <span class='ocr_line' id='line_1_11' title="bbox 107 1485 1246 1570; baseline 0 -21"><span class='ocrx_word' id='word_1_80' title='bbox 107 1485 261 1570; x_wconf 83' lang='lat' dir='ltr'><strong>ginarum</strong></span> <span class='ocrx_word' id='word_1_81' title='bbox 288 1486 487 1570; x_wconf 84' lang='lat' dir='ltr'><strong>marginibus</strong></span> <span class='ocrx_word' id='word_1_82' title='bbox 516 1488 556 1551; x_wconf 88' lang='lat' dir='ltr'><strong>ab</strong></span> <span class='ocrx_word' id='word_1_83' title='bbox 583 1485 623 1550; x_wconf 92' lang='lat' dir='ltr'><strong>D.</strong></span> <span class='ocrx_word' id='word_1_84' title='bbox 648 1485 794 1551; x_wconf 84' lang='lat' dir='ltr'><strong>Schulzio</strong></span> <span class='ocrx_word' id='word_1_85' title='bbox 827 1487 1012 1570; x_wconf 81' lang='lat' dir='ltr'><strong>adscriptis3</strong></span> <span class='ocrx_word' id='word_1_86' title='bbox 1045 1485 1180 1569; x_wconf 88' lang='lat' dir='ltr'><strong>denique</strong></span> <span class='ocrx_word' id='word_1_87' title='bbox 1209 1507 1246 1549; x_wconf 86' lang='lat' dir='ltr'><strong>ex</strong></span> 
     </span>
     <span class='ocr_line' id='line_1_12' title="bbox 105 1593 1245 1680; baseline -0.002 -22"><span class='ocrx_word' id='word_1_88' title='bbox 105 1593 200 1659; x_wconf 90' lang='lat' dir='ltr'><strong>huius</strong></span> <span class='ocrx_word' id='word_1_89' title='bbox 223 1595 323 1680; x_wconf 87' lang='lat' dir='ltr'><strong>ipsius</strong></span> <span class='ocrx_word' id='word_1_90' title='bbox 352 1597 627 1660; x_wconf 83' lang='lat' dir='ltr'><strong>emendationibus</strong></span> <span class='ocrx_word' id='word_1_91' title='bbox 650 1619 728 1680; x_wconf 89' lang='lat' dir='ltr'><strong>quas</strong></span> <span class='ocrx_word' id='word_1_92' title='bbox 751 1596 956 1679; x_wconf 84' lang='lat' dir='ltr'><strong>probaremus</strong></span> <span class='ocrx_word' id='word_1_93' title='bbox 979 1596 1168 1660; x_wconf 86' lang='lat' dir='ltr'><strong>adscivimus</strong></span> <span class='ocrx_word' id='word_1_94' title='bbox 1192 1617 1245 1678; x_wconf 87' lang='lat' dir='ltr'><strong>op·</strong></span> 
     </span>
     <span class='ocr_line' id='line_1_13' title="bbox 107 1705 566 1798; baseline 0.007 -30"><span class='ocrx_word' id='word_1_95' title='bbox 107 1705 213 1788; x_wconf 90' lang='lat' dir='ltr'><strong>posito</strong></span> <span class='ocrx_word' id='word_1_96' title='bbox 235 1705 374 1770; x_wconf 88' lang='lat' dir='ltr'><strong>auctoris</strong></span> <span class='ocrx_word' id='word_1_97' title='bbox 397 1707 537 1770; x_wconf 88' lang='lat' dir='ltr'><strong>nomine.</strong></span> <span class='ocrx_word' id='word_1_98' title='bbox 560 1788 566 1798; x_wconf 92' lang='lat'><em>.</em></span> 
     </span>
    </p>
   </div>
   <div class='ocr_carea' id='block_1_4' title="bbox 493 2263 861 2340">
    <p class='ocr_par' dir='ltr' id='par_1_4' title="bbox 493 2263 861 2340">
     <span class='ocr_line' id='line_1_14' title="bbox 493 2263 861 2340; baseline -0.008 -2"><span class='ocrx_word' id='word_1_99' title='bbox 493 2263 861 2340; x_wconf 83' lang='lat' dir='ltr'><strong>Auctarium.</strong></span> 
     </span>
    </p>
   </div>
   <div class='ocr_carea' id='block_1_5' title="bbox 102 2469 1246 4432">
    <p class='ocr_par' dir='ltr' id='par_1_5' title="bbox 102 2469 1246 4432">
     <span class='ocr_line' id='line_1_15' title="bbox 195 2469 1246 2560; baseline 0 -24"><span class='ocrx_word' id='word_1_100' title='bbox 195 2469 280 2558; x_wconf 86' lang='lat' dir='ltr'><strong>[Non</strong></span> <span class='ocrx_word' id='word_1_101' title='bbox 303 2475 502 2557; x_wconf 89' lang='lat' dir='ltr'><strong>repetiissem</strong></span> <span class='ocrx_word' id='word_1_102' title='bbox 525 2475 668 2560; x_wconf 85' lang='lat' dir='ltr'><strong>prolecto</strong></span> <span class='ocrx_word' id='word_1_103' title='bbox 691 2497 770 2560; x_wconf 89' lang='lat' dir='ltr'><strong>quae</strong></span> <span class='ocrx_word' id='word_1_104' title='bbox 793 2495 889 2558; x_wconf 89' lang='lat' dir='ltr'><strong>supra</strong></span> <span class='ocrx_word' id='word_1_105' title='bbox 912 2474 1016 2556; x_wconf 87' lang='lat' dir='ltr'><strong>posita</strong></span> <span class='ocrx_word' id='word_1_106' title='bbox 1039 2473 1152 2556; x_wconf 87' lang='lat' dir='ltr'><strong>habes,</strong></span> <span class='ocrx_word' id='word_1_107' title='bbox 1182 2474 1246 2537; x_wconf 89' lang='lat' dir='ltr'><strong>nisi</strong></span> 
     </span>
     <span class='ocr_line' id='line_1_16' title="bbox 104 2582 1244 2670; baseline 0.004 -26"><span class='ocrx_word' id='word_1_108' title='bbox 104 2585 232 2664; x_wconf 82' lang='lat' dir='ltr'><strong>tamen,</strong></span> <span class='ocrx_word' id='word_1_109' title='bbox 261 2582 336 2666; x_wconf 90' lang='lat' dir='ltr'><strong>quid</strong></span> <span class='ocrx_word' id='word_1_110' title='bbox 364 2584 495 2649; x_wconf 88' lang='lat' dir='ltr'><strong>tandem</strong></span> <span class='ocrx_word' id='word_1_111' title='bbox 523 2589 760 2670; x_wconf 77' lang='lat' dir='ltr'><strong>programmate</strong></span> <span class='ocrx_word' id='word_1_112' title='bbox 787 2584 968 2648; x_wconf 88' lang='lat' dir='ltr'><strong>academico</strong></span> <span class='ocrx_word' id='word_1_113' title='bbox 991 2584 1045 2647; x_wconf 94' lang='lat' dir='ltr'><strong>illo</strong></span> <span class='ocrx_word' id='word_1_114' title='bbox 1068 2584 1244 2648; x_wconf 89' lang='lat' dir='ltr'><strong>continere·</strong></span> 
     </span>
     <span class='ocr_line' id='line_1_17' title="bbox 104 2691 1243 2779; baseline 0.004 -26"><span class='ocrx_word' id='word_1_115' title='bbox 104 2693 173 2773; x_wconf 91' lang='lat' dir='ltr'><strong>tur,</strong></span> <span class='ocrx_word' id='word_1_116' title='bbox 198 2691 347 2775; x_wconf 81' lang='lat' dir='ltr'><strong>ignorare</strong></span> <span class='ocrx_word' id='word_1_117' title='bbox 375 2715 428 2758; x_wconf 90' lang='lat' dir='ltr'><strong>eos</strong></span> <span class='ocrx_word' id='word_1_118' title='bbox 450 2696 639 2778; x_wconf 86' lang='lat' dir='ltr'><strong>noluissem,</strong></span> <span class='ocrx_word' id='word_1_119' title='bbox 664 2697 691 2758; x_wconf 90' lang='lat' dir='ltr'><strong>si</strong></span> <span class='ocrx_word' id='word_1_120' title='bbox 718 2695 771 2779; x_wconf 91' lang='lat' dir='ltr'><strong>qui</strong></span> <span class='ocrx_word' id='word_1_121' title='bbox 798 2695 864 2758; x_wconf 91' lang='lat' dir='ltr'><strong>eius</strong></span> <span class='ocrx_word' id='word_1_122' title='bbox 886 2694 1081 2758; x_wconf 88' lang='lat' dir='ltr'><strong>mentionem</strong></span> <span class='ocrx_word' id='word_1_123' title='bbox 1103 2693 1156 2758; x_wconf 89' lang='lat' dir='ltr'><strong>hic</strong></span> <span class='ocrx_word' id='word_1_124' title='bbox 1178 2694 1243 2758; x_wconf 91' lang='lat' dir='ltr'><strong>illic</strong></span> 
     </span>
     <span class='ocr_line' id='line_1_18' title="bbox 105 2799 1244 2892; baseline 0.005 -29"><span class='ocrx_word' id='word_1_125' title='bbox 105 2799 227 2864; x_wconf 84' lang='lat' dir='ltr'><strong>factam</strong></span> <span class='ocrx_word' id='word_1_126' title='bbox 249 2801 404 2866; x_wconf 85' lang='lat' dir='ltr'><strong>viderent.</strong></span> <span class='ocrx_word' id='word_1_127' title='bbox 436 2803 560 2889; x_wconf 86' lang='lat' dir='ltr'><strong>Quippe</strong></span> <span class='ocrx_word' id='word_1_128' title='bbox 583 2805 702 2892; x_wconf 84' lang='lat' dir='ltr'><strong>integri</strong></span> <span class='ocrx_word' id='word_1_129' title='bbox 724 2805 846 2868; x_wconf 80' lang='lat' dir='ltr'><strong>IIeletii</strong></span> <span class='ocrx_word' id='word_1_130' title='bbox 869 2803 1012 2888; x_wconf 84' lang='lat' dir='ltr'><strong>opusculi</strong></span> <span class='ocrx_word' id='word_1_131' title='bbox 1035 2803 1147 2866; x_wconf 87' lang='lat' dir='ltr'><strong>edendi</strong></span> <span class='ocrx_word' id='word_1_132' title='bbox 1172 2825 1244 2868; x_wconf 92' lang='lat' dir='ltr'><strong>con·</strong></span> 
     </span>
     <span class='ocr_line' id='line_1_19' title="bbox 107 2909 1243 3000; baseline 0.005 -28"><span class='ocrx_word' id='word_1_133' title='bbox 107 2909 214 2974; x_wconf 88' lang='lat' dir='ltr'><strong>silium</strong></span> <span class='ocrx_word' id='word_1_134' title='bbox 241 2933 306 2974; x_wconf 90' lang='lat' dir='ltr'><strong>non</strong></span> <span class='ocrx_word' id='word_1_135' title='bbox 328 2917 474 2996; x_wconf 88' lang='lat' dir='ltr'><strong>poteram</strong></span> <span class='ocrx_word' id='word_1_136' title='bbox 496 2935 562 2978; x_wconf 91' lang='lat' dir='ltr'><strong>non</strong></span> <span class='ocrx_word' id='word_1_137' title='bbox 585 2915 725 3000; x_wconf 87' lang='lat' dir='ltr'><strong>abicere,</strong></span> <span class='ocrx_word' id='word_1_138' title='bbox 755 2915 848 2978; x_wconf 87' lang='lat' dir='ltr'><strong>simul</strong></span> <span class='ocrx_word' id='word_1_139' title='bbox 872 2917 966 2998; x_wconf 91' lang='lat' dir='ltr'><strong>atque</strong></span> <span class='ocrx_word' id='word_1_140' title='bbox 989 2913 1174 2977; x_wconf 76' lang='lat' dir='ltr'><strong>brerissimo</strong></span> <span class='ocrx_word' id='word_1_141' title='bbox 1197 2915 1243 2978; x_wconf 92' lang='lat' dir='ltr'><strong>in-</strong></span> 
     </span>
     <span class='ocr_line' id='line_1_20' title="bbox 107 3021 1244 3108; baseline 0.005 -26"><span class='ocrx_word' id='word_1_142' title='bbox 107 3021 261 3104; x_wconf 88' lang='lat' dir='ltr'><strong>terposito</strong></span> <span class='ocrx_word' id='word_1_143' title='bbox 289 3023 441 3107; x_wconf 83' lang='lat' dir='ltr'><strong>temporis</strong></span> <span class='ocrx_word' id='word_1_144' title='bbox 468 3025 572 3108; x_wconf 91' lang='lat' dir='ltr'><strong>spatio</strong></span> <span class='ocrx_word' id='word_1_145' title='bbox 606 3026 723 3090; x_wconf 85' lang='lat' dir='ltr'><strong>Oxonii</strong></span> <span class='ocrx_word' id='word_1_146' title='bbox 751 3047 779 3088; x_wconf 90' lang='lat' dir='ltr'><strong>a.</strong></span> <span class='ocrx_word' id='word_1_147' title='bbox 811 3025 892 3090; x_wconf 82' lang='lat'>1836</span> <span class='ocrx_word' id='word_1_148' title='bbox 925 3023 959 3088; x_wconf 91' lang='lat' dir='ltr'><strong>in</strong></span> <span class='ocrx_word' id='word_1_149' title='bbox 992 3023 1095 3086; x_wconf 84' lang='lat' dir='ltr'><strong>luceru</strong></span> <span class='ocrx_word' id='word_1_150' title='bbox 1127 3025 1244 3107; x_wconf 90' lang='lat' dir='ltr'><strong>prodiit</strong></span> 
     </span>
     <span class='ocr_line' id='line_1_21' title="bbox 104 3129 1241 3218; baseline 0.005 -26"><span class='ocrx_word' id='word_1_151' title='bbox 104 3129 130 3192; x_wconf 93' lang='grc' dir='ltr'><strong>Ι.</strong></span> <span class='ocrx_word' id='word_1_152' title='bbox 159 3131 202 3194; x_wconf 87' lang='grc' dir='ltr'><strong>Α.</strong></span> <span class='ocrx_word' id='word_1_153' title='bbox 232 3131 374 3198; x_wconf 74' lang='lat' dir='ltr'><strong>trsmeri</strong></span> <span class='ocrx_word' id='word_1_154' title='bbox 407 3134 554 3199; x_wconf 85' lang='lat' dir='ltr'><strong>volumen</strong></span> <span class='ocrx_word' id='word_1_155' title='bbox 581 3135 630 3200; x_wconf 95' lang='lat' dir='ltr'><strong>III</strong></span> <span class='ocrx_word' id='word_1_156' title='bbox 665 3135 867 3198; x_wconf 67' lang='lat' dir='ltr'><strong>‘anecdotor</strong></span> <span class='ocrx_word' id='word_1_157' title='bbox 894 3155 1081 3218; x_wconf 79' lang='lat' dir='ltr'><strong>graecorum</strong></span> <span class='ocrx_word' id='word_1_158' title='bbox 1108 3157 1125 3198; x_wconf 90' lang='lat' dir='ltr'><strong>e</strong></span> <span class='ocrx_word' id='word_1_159' title='bbox 1153 3135 1241 3199; x_wconf 89' lang='lat' dir='ltr'><strong>codd.</strong></span> 
     </span>
     <span class='ocr_line' id='line_1_22' title="bbox 104 3241 1244 3328; baseline 0.004 -25"><span class='ocrx_word' id='word_1_160' title='bbox 104 3261 179 3304; x_wconf 83' lang='lat' dir='ltr'><strong>mss.</strong></span> <span class='ocrx_word' id='word_1_161' title='bbox 215 3241 480 3308; x_wconf 82' lang='lat' dir='ltr'><strong>bibliothecarum</strong></span> <span class='ocrx_word' id='word_1_162' title='bbox 510 3245 742 3312; x_wconf 83' lang='lat' dir='ltr'><strong>Oxoniensium</strong></span> <span class='ocrx_word' id='word_1_163' title='bbox 775 3245 1028 3328; x_wconf 84' lang='lat' dir='ltr'><strong>descriptomrn&#39;‚</strong></span> <span class='ocrx_word' id='word_1_164' title='bbox 1062 3243 1144 3328; x_wconf 93' lang='lat' dir='ltr'><strong>quod</strong></span> <span class='ocrx_word' id='word_1_165' title='bbox 1177 3246 1244 3328; x_wconf 89' lang='lat' dir='ltr'><strong>qui-</strong></span> 
     </span>
     <span class='ocr_line' id='line_1_23' title="bbox 105 3349 1243 3422; baseline 0.006 -11"><span class='ocrx_word' id='word_1_166' title='bbox 105 3349 179 3412; x_wconf 91' lang='lat' dir='ltr'><strong>dem</strong></span> <span class='ocrx_word' id='word_1_167' title='bbox 207 3351 356 3416; x_wconf 85' lang='lat' dir='ltr'><strong>volumen</strong></span> <span class='ocrx_word' id='word_1_168' title='bbox 383 3354 505 3418; x_wconf 83' lang='lat' dir='ltr'><strong>llleletii</strong></span> <span class='ocrx_word' id='word_1_169' title='bbox 533 3355 572 3420; x_wconf 89' lang='lat' dir='ltr'><strong>de</strong></span> <span class='ocrx_word' id='word_1_170' title='bbox 599 3361 716 3422; x_wconf 88' lang='lat' dir='ltr'><strong>natura</strong></span> <span class='ocrx_word' id='word_1_171' title='bbox 744 3355 881 3420; x_wconf 88' lang='lat' dir='ltr'><strong>hominis</strong></span> <span class='ocrx_word' id='word_1_172' title='bbox 910 3355 1174 3419; x_wconf 88' lang='lat' dir='ltr'><strong>commentarium</strong></span> <span class='ocrx_word' id='word_1_173' title='bbox 1196 3356 1243 3418; x_wconf 92' lang='lat' dir='ltr'><strong>in·</strong></span> 
     </span>
     <span class='ocr_line' id='line_1_24' title="bbox 103 3463 1242 3549; baseline 0.007 -28"><span class='ocrx_word' id='word_1_174' title='bbox 103 3463 231 3544; x_wconf 84' lang='lat' dir='ltr'><strong>tegrum</strong></span> <span class='ocrx_word' id='word_1_175' title='bbox 254 3483 271 3524; x_wconf 90' lang='lat' dir='ltr'><strong>e</strong></span> <span class='ocrx_word' id='word_1_176' title='bbox 293 3463 394 3526; x_wconf 87' lang='lat' dir='ltr'><strong>tribus</strong></span> <span class='ocrx_word' id='word_1_177' title='bbox 421 3464 582 3530; x_wconf 83' lang='lat' dir='ltr'><strong>codicibus</strong></span> <span class='ocrx_word' id='word_1_178' title='bbox 605 3465 787 3530; x_wconf 79' lang='lat' dir='ltr'><strong>Boclleianis</strong></span> <span class='ocrx_word' id='word_1_179' title='bbox 816 3465 952 3549; x_wconf 87' lang='lat' dir='ltr'><strong>prinmm</strong></span> <span class='ocrx_word' id='word_1_180' title='bbox 980 3487 1095 3548; x_wconf 79' lang='lat' dir='ltr'><strong>graece</strong></span> <span class='ocrx_word' id='word_1_181' title='bbox 1124 3465 1242 3529; x_wconf 81' lang='lat' dir='ltr'><strong>edItum</strong></span> 
     </span>
     <span class='ocr_line' id='line_1_25' title="bbox 104 3569 1243 3660; baseline 0.007 -28"><span class='ocrx_word' id='word_1_182' title='bbox 104 3569 277 3635; x_wconf 86' lang='lat' dir='ltr'><strong>exhibebat</strong></span> <span class='ocrx_word' id='word_1_183' title='bbox 303 3595 323 3636; x_wconf 88' lang='lat' dir='ltr'><strong>a</strong></span> <span class='ocrx_word' id='word_1_184' title='bbox 344 3595 376 3656; x_wconf 90' lang='lat' dir='ltr'><strong>p.</strong></span> <span class='ocrx_word' id='word_1_185' title='bbox 404 3577 418 3638; x_wconf 94' lang='lat' dir='ltr'><strong>l</strong></span> <span class='ocrx_word' id='word_1_186' title='bbox 442 3575 483 3640; x_wconf 88' lang='lat' dir='ltr'><strong>ad</strong></span> <span class='ocrx_word' id='word_1_187' title='bbox 508 3578 577 3642; x_wconf 77' lang='lat'><strong>157.</strong></span> <span class='ocrx_word' id='word_1_188' title='bbox 622 3577 734 3660; x_wconf 89' lang='lat' dir='ltr'><strong>Itaque</strong></span> <span class='ocrx_word' id='word_1_189' title='bbox 761 3597 802 3638; x_wconf 89' lang='lat' dir='ltr'><strong>ne</strong></span> <span class='ocrx_word' id='word_1_190' title='bbox 830 3597 915 3638; x_wconf 84' lang='lat' dir='ltr'><strong>runrc</strong></span> <span class='ocrx_word' id='word_1_191' title='bbox 944 3575 1070 3658; x_wconf 89' lang='lat' dir='ltr'><strong>quidem</strong></span> <span class='ocrx_word' id='word_1_192' title='bbox 1098 3575 1243 3640; x_wconf 86' lang='lat' dir='ltr'><strong>iteranda</strong></span> 
     </span>
     <span class='ocr_line' id='line_1_26' title="bbox 103 3685 1242 3770; baseline 0.008 -29"><span class='ocrx_word' id='word_1_193' title='bbox 103 3701 141 3742; x_wconf 91' lang='lat' dir='ltr'><strong>ea</strong></span> <span class='ocrx_word' id='word_1_194' title='bbox 164 3685 273 3764; x_wconf 82' lang='lat' dir='ltr'><strong>parte,</strong></span> <span class='ocrx_word' id='word_1_195' title='bbox 296 3705 392 3766; x_wconf 91' lang='lat' dir='ltr'><strong>quam</strong></span> <span class='ocrx_word' id='word_1_196' title='bbox 414 3685 481 3769; x_wconf 86' lang='lat' dir='ltr'><strong>ipse</strong></span> <span class='ocrx_word' id='word_1_197' title='bbox 504 3686 579 3750; x_wconf 92' lang='lat' dir='ltr'><strong>olim</strong></span> <span class='ocrx_word' id='word_1_198' title='bbox 602 3686 856 3770; x_wconf 72' lang='lat' dir='ltr'><strong>publicaverant,</strong></span> <span class='ocrx_word' id='word_1_199' title='bbox 880 3685 979 3748; x_wconf 84' lang='lat' dir='ltr'><strong>videri</strong></span> <span class='ocrx_word' id='word_1_200' title='bbox 1001 3685 1106 3769; x_wconf 90' lang='lat' dir='ltr'><strong>potuit</strong></span> <span class='ocrx_word' id='word_1_201' title='bbox 1127 3708 1242 3769; x_wconf 88' lang='lat' dir='ltr'><strong>operae</strong></span> 
     </span>
     <span class='ocr_line' id='line_1_27' title="bbox 104 3790 1241 3880; baseline 0.007 -28"><span class='ocrx_word' id='word_1_202' title='bbox 104 3790 244 3872; x_wconf 89' lang='lat' dir='ltr'><strong>pretium</strong></span> <span class='ocrx_word' id='word_1_203' title='bbox 266 3793 345 3856; x_wconf 89' lang='lat' dir='ltr'><strong>fieri.</strong></span> <span class='ocrx_word' id='word_1_204' title='bbox 391 3793 510 3859; x_wconf 87' lang='lat' dir='ltr'><strong>Vemm</strong></span> <span class='ocrx_word' id='word_1_205' title='bbox 537 3801 645 3860; x_wconf 86' lang='lat' dir='ltr'><strong>tamen</strong></span> <span class='ocrx_word' id='word_1_206' title='bbox 668 3797 818 3880; x_wconf 87' lang='lat' dir='ltr'><strong>quoniam</strong></span> <span class='ocrx_word' id='word_1_207' title='bbox 845 3799 973 3878; x_wconf 88' lang='lat' dir='ltr'><strong>praeter</strong></span> <span class='ocrx_word' id='word_1_208' title='bbox 1001 3795 1241 3861; x_wconf 83' lang='lat' dir='ltr'><strong>Cracoviensenr</strong></span> 
     </span>
     <span class='ocr_line' id='line_1_28' title="bbox 104 3893 1241 3990; baseline 0.008 -29"><span class='ocrx_word' id='word_1_209' title='bbox 104 3898 220 3964; x_wconf 89' lang='lat' dir='ltr'><strong>librum</strong></span> <span class='ocrx_word' id='word_1_210' title='bbox 244 3903 342 3966; x_wconf 89' lang='lat' dir='ltr'><strong>etiam</strong></span> <span class='ocrx_word' id='word_1_211' title='bbox 364 3903 565 3970; x_wconf 88' lang='lat' dir='ltr'><strong>Monacensis</strong></span> <span class='ocrx_word' id='word_1_212' title='bbox 589 3911 620 3970; x_wconf 91' lang='lat' dir='ltr'><strong>et</strong></span> <span class='ocrx_word' id='word_1_213' title='bbox 648 3893 705 3990; x_wconf 79' lang='lat' dir='ltr'><strong>per</strong></span> <span class='ocrx_word' id='word_1_214' title='bbox 727 3907 848 3990; x_wconf 84' lang='lat' dir='ltr'><strong>aliquot</strong></span> <span class='ocrx_word' id='word_1_215' title='bbox 869 3909 983 3970; x_wconf 86' lang='lat' dir='ltr'><strong>saltem</strong></span> <span class='ocrx_word' id='word_1_216' title='bbox 1005 3907 1141 3990; x_wconf 83' lang='lat' dir='ltr'><strong>paginas</strong></span> <span class='ocrx_word' id='word_1_217' title='bbox 1164 3905 1193 3968; x_wconf 90' lang='lat' dir='ltr'>V</span> <span class='ocrx_word' id='word_1_218' title='bbox 1195 3907 1241 3970; x_wconf 88' lang='lat' dir='ltr'><strong>in·</strong></span> 
     </span>
     <span class='ocr_line' id='line_1_29' title="bbox 103 4007 1241 4100; baseline 0.007 -29"><span class='ocrx_word' id='word_1_219' title='bbox 103 4007 296 4076; x_wconf 83' lang='lat' dir='ltr'><strong>dobonensis</strong></span> <span class='ocrx_word' id='word_1_220' title='bbox 325 4014 450 4098; x_wconf 90' lang='lat' dir='ltr'><strong>copiam</strong></span> <span class='ocrx_word' id='word_1_221' title='bbox 477 4015 555 4080; x_wconf 91' lang='lat' dir='ltr'><strong>mihi</strong></span> <span class='ocrx_word' id='word_1_222' title='bbox 589 4039 791 4100; x_wconf 75' lang='lat' dir='ltr'><strong>parm&#39;eram,</strong></span> <span class='ocrx_word' id='word_1_223' title='bbox 827 4039 893 4080; x_wconf 92' lang='lat' dir='ltr'><strong>non</strong></span> <span class='ocrx_word' id='word_1_224' title='bbox 920 4016 1076 4080; x_wconf 85' lang='lat' dir='ltr'><strong>inutiliter</strong></span> <span class='ocrx_word' id='word_1_225' title='bbox 1102 4015 1162 4078; x_wconf 87' lang='lat' dir='ltr'><strong>hac</strong></span> <span class='ocrx_word' id='word_1_226' title='bbox 1190 4037 1241 4079; x_wconf 91' lang='lat' dir='ltr'><strong>me</strong></span> 
     </span>
     <span class='ocr_line' id='line_1_30' title="bbox 102 4123 1241 4212; baseline 0.008 -33"><span class='ocrx_word' id='word_1_227' title='bbox 102 4123 344 4204; x_wconf 85' lang='lat' dir='ltr'><strong>opportunitate</strong></span> <span class='ocrx_word' id='word_1_228' title='bbox 374 4124 421 4188; x_wconf 90' lang='lat' dir='ltr'><strong>uti</strong></span> <span class='ocrx_word' id='word_1_229' title='bbox 451 4148 543 4208; x_wconf 85' lang='lat' dir='ltr'><strong>posse</strong></span> <span class='ocrx_word' id='word_1_230' title='bbox 565 4127 690 4210; x_wconf 87' lang='lat' dir='ltr'><strong>putavi,</strong></span> <span class='ocrx_word' id='word_1_231' title='bbox 720 4149 781 4212; x_wconf 90' lang='lat' dir='ltr'><strong>quo</strong></span> <span class='ocrx_word' id='word_1_232' title='bbox 804 4129 837 4190; x_wconf 92' lang='lat' dir='ltr'><strong>et</strong></span> <span class='ocrx_word' id='word_1_233' title='bbox 858 4127 988 4190; x_wconf 90' lang='lat' dir='ltr'><strong>omnino</strong></span> <span class='ocrx_word' id='word_1_234' title='bbox 1016 4126 1158 4189; x_wconf 89' lang='lat' dir='ltr'><strong>codicum</strong></span> <span class='ocrx_word' id='word_1_235' title='bbox 1187 4125 1241 4208; x_wconf 89' lang='lat' dir='ltr'><strong>qui</strong></span> 
     </span>
     <span class='ocr_line' id='line_1_31' title="bbox 103 4229 1240 4320; baseline 0.004 -25"><span class='ocrx_word' id='word_1_236' title='bbox 103 4229 206 4296; x_wconf 87' lang='lat' dir='ltr'><strong>adhuc</strong></span> <span class='ocrx_word' id='word_1_237' title='bbox 229 4233 348 4298; x_wconf 89' lang='lat' dir='ltr'><strong>conlati</strong></span> <span class='ocrx_word' id='word_1_238' title='bbox 370 4239 446 4298; x_wconf 91' lang='lat' dir='ltr'><strong>sunt</strong></span> <span class='ocrx_word' id='word_1_239' title='bbox 467 4241 593 4300; x_wconf 89' lang='lat' dir='ltr'><strong>mutuas</strong></span> <span class='ocrx_word' id='word_1_240' title='bbox 615 4237 755 4301; x_wconf 85' lang='lat' dir='ltr'><strong>rationes</strong></span> <span class='ocrx_word' id='word_1_241' title='bbox 785 4237 895 4320; x_wconf 90' lang='lat' dir='ltr'><strong>paucis</strong></span> <span class='ocrx_word' id='word_1_242' title='bbox 918 4239 993 4298; x_wconf 87' lang='lat' dir='ltr'><strong>ante</strong></span> <span class='ocrx_word' id='word_1_243' title='bbox 1016 4235 1121 4300; x_wconf 88' lang='lat' dir='ltr'><strong>oculos</strong></span> <span class='ocrx_word' id='word_1_244' title='bbox 1144 4256 1240 4319; x_wconf 88' lang='lat' dir='ltr'><strong>ponc·</strong></span> 
     </span>
     <span class='ocr_line' id='line_1_32' title="bbox 103 4344 1240 4432; baseline 0.004 -28"><span class='ocrx_word' id='word_1_245' title='bbox 103 4362 180 4426; x_wconf 88' lang='lat' dir='ltr'><strong>rem,</strong></span> <span class='ocrx_word' id='word_1_246' title='bbox 204 4348 238 4407; x_wconf 89' lang='lat' dir='ltr'><strong>et</strong></span> <span class='ocrx_word' id='word_1_247' title='bbox 259 4347 423 4430; x_wconf 84' lang='lat' dir='ltr'><strong>tamquam</strong></span> <span class='ocrx_word' id='word_1_248' title='bbox 445 4344 537 4408; x_wconf 90' lang='lat' dir='ltr'><strong>flores</strong></span> <span class='ocrx_word' id='word_1_249' title='bbox 553 4345 768 4432; x_wconf 83' lang='lat' dir='ltr'><strong>decerperem,</strong></span> <span class='ocrx_word' id='word_1_250' title='bbox 791 4347 905 4431; x_wconf 87' lang='lat' dir='ltr'><strong>quihus</strong></span> <span class='ocrx_word' id='word_1_251' title='bbox 921 4349 971 4410; x_wconf 89' lang='lat' dir='ltr'><strong>sat</strong></span> <span class='ocrx_word' id='word_1_252' title='bbox 993 4345 1098 4410; x_wconf 90' lang='lat' dir='ltr'><strong>aridas</strong></span> <span class='ocrx_word' id='word_1_253' title='bbox 1122 4349 1240 4410; x_wconf 89' lang='lat' dir='ltr'><strong>cetero·</strong></span> 
     </span>
    </p>
   </div>
   <div class='ocr_carea' id='block_1_6' title="bbox 0 0 1530 5136">
    <p class='ocr_par' dir='ltr' id='par_1_6' title="bbox 0 0 1530 5136">
     <span class='ocr_line' id='line_1_33' title="bbox 0 0 1530 5136; baseline 0 2"><span class='ocrx_word' id='word_1_254' title='bbox 0 0 1530 5136; x_wconf 95' lang='lat' dir='ltr'><strong> </strong></span> 
     </span>
    </p>
   </div>
  </div>
 </body>
</html>
