3052 5136
513 379 673 428 οοποοιο
697 379 871 428 carnicis.
1205 363 1267 428 739

111 537 244 616 ψάλτηε
278 535 375 598 verba
408 532 611 616 appositione
641 534 854 616 grammatica
886 533 997 598 iuncta
1030 537 1105 598 sunt
1136 535 1266 598 Φαίδων

111 645 255 710 nomini.
282 683 325 696 ·-·
358 643 457 708 Porro
490 643 525 708 in
559 643 808 708 scholiastae
839 642 944 706 verbis
977 642 1019 706 ad
1052 641 1266 727 Sophoclis

111 757 282 820 Aiacem
310 777 340 819 v.
363 755 405 820 55
421 754 534 818 vitium
556 755 654 818 miror
676 753 823 818 relietum
844 753 879 818 in
903 755 1014 838 ἐπῄει
1037 775 1129 836 νοοο,
1163 775 1265 838 neque

111 867 205 930 enirn
237 865 379 930 dubitari
407 869 528 948 potest,
564 865 642 949 quin
669 867 783 948 poetae
811 865 923 947 verba,
958 885 1039 948 quae
1065 868 1141 928 sunt
1166 865 1266 944 ἔκειρε

111 977 313 1057 πολυκὲρων
336 977 444 1058 φόνον
467 975 640 1040 scholiasta
663 975 824 1040 Medieeus
846 975 892 1040 sie
915 975 1098 1058 explicarit:
1120 975 1191 1040 ἀντὶ
1208 980 1266 1041 τοῦ

110 1090 236 1168 κείρων
260 1087 397 1153 ἐποίει
442 1085 593 1150 Eiusdem
616 1085 712 1150 liceat
738 1085 799 1150 hoc
827 1087 896 1150 loco
925 1085 1084 1170 corrigere
1111 1085 1266 1150 adnotata

110 1197 154 1262 ad
179 1219 212 1260 ν.
237 1198 315 1262 285:
344 1203 484 1264 ευνετῶε
513 1199 549 1262 δὲ
576 1198 627 1262 καί
654 1197 695 1262 οὐ
722 1197 801 1263 κατὰ
828 1198 1037 1276 μαινόμενον·
1068 1197 1117 1262 καὶ
1143 1197 1206 1275 γὰρ
1232 1197 1267 1260 ἐκ

109 1313 171 1388 πῆε
200 1311 262 1372 τοῦ
285 1311 396 1388 καιροῦ
423 1307 552 1374 ἐννοίαε
582 1304 853 1388 ἐπιβουλεύοντος
881 1307 978 1390 ἐετιν,
1009 1307 1166 1372 ἐπιθέεθαι
1195 1308 1267 1386 περὶ

110 1424 254 1498 πρῶτον
271 1417 376 1485 ὕπνον
390 1441 449 1500 -3
471 1416 533 1482 nisi
550 1421 708 1501 praestat:
733 1421 870 1484 ευνετῶε
886 1419 921 1484 δὲ
943 1417 994 1482 καὶ
1008 1417 1049 1482 οὐ
1063 1419 1143 1482 κατὰ
1160 1419 1266 1496 μαινό-

110 1549 219 1608 μενον
254 1529 304 1593 καὶ
336 1529 371 1594 ἐκ
403 1533 458 1607 τῆε
491 1531 550 1593 τοῦ
583 1531 695 1608 καιροῦ
729 1528 871 1595 ἐννοίαε·
905 1528 1174 1608 ἐπιβουλεύοντος
1205 1529 1266 1608 γάρ

110 1641 214 1721 ἐεπιν,
239 1639 398 1704 ἐπιθέεθοι
418 1661 444 1704 κ.
460 1661 486 1705 τ.
502 1641 529 1703 1.
545 1637 724 1702 -Eadem
739 1638 863 1702 ratione
878 1639 996 1716 αὑτῆε
1019 1641 1202 1721 corruptum
1218 1641 1267 1702 est

110 1750 147 1813 in
164 1749 258 1814 αὖθι(
274 1747 308 1812 in
323 1769 415 1813 versu
436 1747 572 1832 quodam
589 1747 817 1832 Sophoclio,
840 1769 933 1832 quern
957 1747 991 1812 in
1011 1747 1266 1832 fragmentorum

110 1880 288 1923 numerum
310 1857 489 1922 Brunekius
511 1859 636 1922 rettulit
658 1879 696 1922 ex
724 1857 933 1923 Plutarchi
960 1858 1026 1922 vita
1054 1856 1210 1922 Demetrii
1237 1880 1264 1922 c.

109 1971 157 2034 45
187 1991 221 2052 p.
245 1969 305 2032 911
341 1967 472 2053 Weeh.‚
507 1969 557 2034 cui
591 1991 663 2034 cum
695 1968 896 2033 Gaisfordius
929 1967 1104 2032 addidisset
1135 1966 1264 2042 Quaest.

110 2101 198 2144 rom.
230 2099 257 2142 c.
282 2078 323 2142 76
345 2101 376 2162 ρ.
400 2078 463 2144 282
486 2083 523 2162 Α,
547 2101 607 2163 ego
630 2079 832 2144 adiciendum
854 2100 922 2144 esse
944 2077 1008 2142 vidi
1036 2061 1171 2142 eundein
1192 2076 1265 2142 Plu-

110 2188 269 2254 tarchum
300 2188 339 2252 de
373 2189 557 2254 curiositate
585 2211 612 2254 c.
642 2191 663 2256 ὅ
690 2212 722 2273 p.
746 2191 808 2255 517
838 2195 866 2253 B
899 2188 951 2273 [fr.
976 2189 1038 2252 713
1071 2188 1168 2252 Dind.
1204 2189 1264 2253 787

111 2297 279 2386 Nauck.]:
301 2298 356 2364 ubi
379 2299 604 2383 corrigendum
627 2304 676 2363 est
697 2300 915 2383 importunum
937 2299 1144 2377 εὐγενεεπάπη
1168 2299 1229 2362 sic:

272 2461 443 2540 χῶτανπερ
466 2461 864 2540 saracenorum
887 2467 986 2544 φανῇ.

113 2629 224 2694 Nihili
246 2629 332 2694 enim
355 2634 568 2694 commentum
591 2633 641 2694 est
663 2631 896 2712 εὐφανεετὰτη,
925 2629 1007 2714 quod
1037 2630 1088 2693 eui
1112 2629 1266 2694 debeatur

113 2761 207 2804 nunc
230 2761 295 2804 non
319 2745 414 2804 vacat
436 2740 606 2825 inquirere.
651 2739 849 2824 Quamquam
875 2741 978 2823 possit
1004 2741 1102 2804 etiam
1130 2741 1265 2822 εὐπρε-

113 2849 290 2928 πεεπάτη
324 2850 451 2934 placere
479 2849 576 2936 [quod
604 2851 708 2934 ipsum
736 2872 821 2914 nunc
849 2850 940 2914 video
968 2851 1094 2914 illorum
1124 2850 1265 2914 locorum

113 2959 217 3023 tertio
232 2957 441 3023 Didotianam
457 2958 605 3044 habere]:
622 2983 779 3044 quaeror
795 2961 829 3023 in
845 2961 976 3038 εὐγενήε
988 2959 1120 3023 transiit
1134 2960 1168 3023 in
1185 2960 1264 3024 eius-

115 3067 192 3132 dem
220 3090 314 3132 versu
337 3067 546 3153 Sophoclis
574 3071 711 3154 quodam
739 3069 793 3154 [fr.
823 3069 884 3134 742
907 3069 1004 3134 Dind.
1035 3069 1096 3133 779
1124 3068 1264 3154 Nauck]

114 3177 204 3262 apud
228 3178 362 3243 cundem
382 3177 589 3244 Plutarchum
618 3179 656 3243 de
677 3179 763 3244 dicto
785 3181 867 3246 Λάθε
895 3183 1009 3261 βιώεαε
1033 3201 1060 3243 c.
1083 3179 1105 3244 4
1126 3202 1158 3263 p.
1184 3181 1265 3244 1129

116 3287 237 3352 Ccoll.
267 3287 306 3353 de
328 3310 363 3353 re
386 3289 514 3373 publica
542 3293 611 3355 seni
634 3290 775 3375 gerenda
804 3291 843 3373 [c.
868 3291 887 3354 8
912 3313 942 3374 p.
968 3291 1030 3355 788
1053 3289 1147 3376 Bet]
1172 3311 1199 3354 c.
1225 3292 1264 3355 15

115 3422 148 3483 p.
180 3397 244 3462 792
277 3405 313 3462 Α.
364 3399 527 3484 loquendi
556 3423 674 3486 genus,
709 3401 791 3485 quod
821 3401 963 3464 cernit-ur
999 3401 1032 3464 in
1061 3402 1158 3479 αὑτῆε
1192 3421 1263 3484 pro-

115 3507 266 3590 nomine,
301 3509 425 3574 affatim
463 3509 663 3574 illustrarunt
701 3513 774 3594 post
813 3509 975 3574 Budaeurn
1009 3509 1050 3572 H.
1082 3507 1263 3593 Stephanus

78 3705 86 3716 ·
116 3619 206 3702 App.
230 3617 270 3682 de
292 3618 368 3682 dial.
392 3622 451 3683 att.
480 3641 512 3702 p.
535 3621 575 3682 41
599 3641 658 3703 ορ,
687 3619 866 3708 Gatalrerus
894 3619 939 3710 de·
960 3618 1036 3684 novi
1058 3619 1262 3684 instrumenti

115 3729 203 3811 stylo
226 3748 254 3792 c.
277 3727 319 3793 25
342 3750 373 3812 p.
400 3729 470 3810 133,
494 3728 688 3793 Abreschius
704 3729 837 3793 Observ.
855 3729 1002 3814 Aeschyl.
1024 3729 1086 3812 Ip.
1104 3729 1164 3795 631
1181 3752 1261 3813 sqq.,

114 3837 354 3922 Wesselingius
377 3837 417 3902 ad
439 3837 594 3902 Herodoti
616 3839 642 3921 I,
674 3839 743 3922 193,
767 3838 1000 3905 Valckenarius
1028 3838 1069 3903 ad
1091 3839 1147 3904 lib.
1171 3839 1313 3922 71114ε

115 3947 169 4012 86.
206 3945 297 4022 Quod
319 3951 426 4012 autern
448 3949 554 4032 priore
576 3949 631 4014 illo
654 3971 745 4013 versu
768 3951 865 4029 αὐτῆς
893 3950 967 4014 inde
990 3950 1031 4018 ab
1053 3948 1138 4013 Aldo
1165 3950 1262 4033 serip-

115 4060 187 4120 tum
215 4058 342 4122 notavit
369 4057 640 4143 Wyttenbachius
667 4059 742 4143 (vol.
773 4059 805 4124 ΙΙ
833 4082 864 4144 p.
897 4060 987 4146 153),
1017 4059 1048 4122 id
1077 4059 1187 4124 eodem
1214 4063 1264 4124 est

115 4167 198 4231 vitio
220 4167 370 4232 affectum
392 4173 488 4253 atque
503 4169 748 4235 scholiastae
770 4170 867 4234 verba
883 4169 921 4232 ad
943 4167 1135 4252 Aeschyli
1154 4167 1260 4234 Pero.

118 4277 177 4342 161
197 4277 275 4360 [163
290 4299 322 4362 p.
338 4278 412 4361 436,
436 4279 478 4344 23
493 4279 622 4368 Dind.],
646 4303 726 4365 quae
749 4281 795 4346 sic
818 4279 1046 4345 emaculamus:
1070 4279 1101 4344 οἱ
1116 4281 1262 4363 πένητες,

115 4388 251 4468 ἔχοντε(
280 4391 337 4468 μὲν
360 4389 448 4470 ἰεχὺν
470 4393 530 4470 τὴν
552 4391 701 4474 αὐτῶν,
730 4391 901 4472 χρημάτων
932 4392 973 4455 δὲ
1001 4389 1261 4470 ἀπολειπόμενοι.

995 4492 1061 4558 47*
