2990 5140
358 375 405 424 uu
428 377 520 424 aran.
543 377 647 424 saux.
672 378 716 424 ur
738 377 952 427 r1s1srrruro.
1163 364 1221 428 167

80 528 162 592 illud
199 532 263 611 est,
301 531 337 592 ut
372 529 515 612 triplices
552 528 741 592 munerandi
777 533 870 593 notas
905 530 1026 594 latinus
1064 531 1223 614 interpres

81 637 287 702 coniunxisse
325 637 472 702 credatu
508 638 542 702 in
578 638 663 703 hanc
700 637 854 722 speciem:
909 642 986 703 Num
1018 639 1068 722 οβ’
1099 645 1228 704 LXXII
1241 653 1272 702 or

78 755 279 828 septumum
312 753 426 814 duobus
457 755 679 827 prommcu'cr's:
717 769 812 831 quam
849 747 975 832 quidem
1009 749 1224 814 coniecturam

80 858 135 921 rix
159 857 272 921 credas
294 857 427 940 abipso
449 856 616 922 inventore
632 857 847 922 commendari
869 861 905 921 ut
926 858 993 922 veri
1015 858 1111 943 longe
1127 859 1223 922 simil-

79 967 203 1030 limam.
247 965 330 1030 Item
353 989 383 1030 v.
399 966 441 1032 56
462 967 544 1050 quod
567 971 616 1030 est
638 969 795 1050 attentet,
818 967 882 1031 fuit
903 967 956 1051 qui
977 989 1043 1032 non
1064 963 1223 1032 ,reumata-

76 1084 120 1140 rr's
153 1076 210 1140 sed
238 1081 461 1140 Atheniensium
491 1075 758 1160 interpretaretur
789 1080 822 1140 et
854 1076 893 1140 ad
924 1077 1098 1160 Concylum
1131 1076 1224 1140 simul

76 1185 233 1250 referret:
261 1185 345 1268 quod
373 1207 445 1250 eum
472 1189 604 1269 propter
631 1186 781 1250 omissam
813 1189 888 1250 ante
918 1188 1105 1250 anmacrr'u'
1130 1207 1223 1269 copu-

77 1295 148 1358 lam
182 1294 350 1378 displicere
382 1293 551 1377 debuerat,
588 1299 656 1358 tum
687 1295 890 1380 redarguitur
917 1316 1002 1359 nunc
1036 1315 1224 1380 graecorum

78 1403 333 1487 comparatione.
394 1403 540 1487 Denique
580 1427 609 1468 v.
648 1403 690 1468 23
730 1404 901 1468 multorum
937 1404 1050 1487 plausu
1091 1407 1224 1487 exceptu

76 1517 132 1578 est
154 1511 355 1596 Bemhardyi
378 1513 559 1578 emendatio
580 1524 609 1577 rt
631 1517 740 1577 trra
762 1535 880 1578 scamus
910 1535 988 1596 quae
1010 1513 1134 1576 litteras
1156 1535 1222 1577 nou

75 1625 217 1688 obscure
244 1627 406 1706 tamquam
428 1622 591 1706 perlucere
613 1643 652 1685 er
674 1621 724 1686 his
746 1623 890 1706 vestigiis
913 1623 960 1686 ait
979 1611 1086 1702 plizen
1108 1643 1221 1702 scaren,

75 1731 239 1816 siquidem
260 1730 472 1814 descriptura
494 1731 659 1796 monachis
674 1731 741 1795 iere
756 1731 895 1795 librariis
912 1731 1029 1796 usitata
1054 1731 1221 1816 cogitetur.

75 1841 145 1906 Sed
157 1862 219 1905 nec
233 1845 309 1906 aunt
322 1840 383 1906 hoc
395 1841 571 1925 scripturae
586 1862 704 1925 genere
719 1840 840 1905 scholia
856 1841 1006 1904 Plautina
1022 1840 1224 1924 consignate,

76 1971 143 2014 nec
173 1950 291 2014 nostris
317 1949 444 2034 quidem
470 1949 570 2014 oculis
599 1949 661 2014 ieta
689 1949 868 2014 litterarum
894 1949 1067 2014 similitudo
1095 1949 1223 2033 dilucet,

76 2081 143 2124 nec
167 2064 276 2123 LXXa
297 2059 364 2122 fere
387 2059 522 2122 uidimus
543 2081 602 2142 pro
624 2064 715 2124 LXX
735 2059 905 2143 scriptum,
933 2079 994 2124 uec
1015 2080 1099 2124 renes
1125 2059 1223 2124 fuisse

76 2169 154 2232 illos
183 2167 357 2232 Ptolemaei
390 2168 617 2254 grammaticos
646 2168 731 2251 apud
763 2167 862 2232 ullum
894 2171 1009 2232 testem
1038 2169 1222 2252 legimus*).

75 2277 181 2343 Cuius
202 2281 310 2341 autem
331 2299 535 2342 numerorum
556 2276 770 2342 notandorum
796 2277 932 2340 artificia
960 2298 1087 2360 prorsus
1115 2278 1223 2362 singu-

75 2387 165 2450 laria
180 2386 347 2470 aliquoties
367 2386 434 2450 iam
454 2387 603 2450 demirati
626 2408 749 2468 sumus,
774 2385 802 2449 is
825 2386 952 2470 quidem
966 2385 1069 2449 simile
1089 2406 1223 2450 acumen

74 2497 144 2560 huo
168 2515 291 2580 quoque
313 2496 432 2560 attulit.
478 2495 563 2560 Nam
579 2495 758 2560 coniunctis
780 2495 865 2558 inter
887 2516 920 2559 se
942 2500 1050 2574 ubique
1071 2507 1224 2560 terrarum

74 2615 228 2687 quantum
257 2611 349 2670 uelut
375 2604 481 2670 verbis
508 2605 702 2688 reliquorum
729 2626 801 2668 cum
828 2603 1018 2687 scripturam
1053 2607 1122 2666 tum
1150 2625 1222 2668 con·

75 2695 292 2779 structionem
320 2718 353 2778 et
373 2715 542 2778 verborum
570 2713 813 2778 collocationem
840 2713 925 2778 hanc
953 2713 1134 2796 proposuit:
1162 2719 1221 2778 ἀίε-

75 2831 198 2904 quercu
219 2831 355 2904 impensu
381 2831 487 2902 reciae
507 2829 727 2900 munificentiae
748 2829 943 2888 volumumus
965 2843 1058 2902 opero
1080 2827 1225 2886 Demetrd

76 2939 225 2998 Plurimi
253 2957 295 3022 pq
326 2936 616 2997 CCIOOIOOMMM
648 2937 725 2997 duas
757 2937 950 2996 bibliothecas
978 2935 1071 3008 fecit:
1108 2951 1222 3013 eaeque

75 3045 177 3106 notae
201 3063 295 3106 ausus
317 3045 366 3105 est
387 3041 480 3105 valde
503 3061 660 3126 congruas
684 3062 755 3105 cum
784 3040 901 3104 codicis
923 3040 1076 3104 memoria
1105 3039 1220 3103 dicere.

74 3151 218 3217 Possum
244 3149 284 3214 de
310 3154 372 3214 hoc
395 3153 574 3215 commento
596 3149 741 3214 acerbius
769 3149 925 3232 iudicare;
958 3151 1042 3213 malo
1070 3169 1221 3233 quaerere

73 3260 261 3324 lenissime:
284 3281 337 3322 ars
361 3259 472 3323 critica
493 3259 539 3322 sio
560 3259 710 3322 factitata
733 3257 808 3341 quid
830 3257 982 3341 prodest?
1018 3257 1079 3322 Sed
1099 3261 1219 3338 tamen,

73 3375 116 3434 ut
143 3369 339 3454 intellegant
365 3369 495 3451 saltem,
526 3367 553 3432 si
581 3367 636 3452 qui
668 3367 808 3431 iudicare
836 3367 905 3430 siue
938 3367 1081 3430 lenitate·
1100 3366 1218 3449 volent,

73 3478 158 3563 quid
191 3477 322 3542 tandem
354 3477 414 3541 sibi
447 3477 582 3541 voluerit
618 3477 751 3540 istarum
782 3474 958 3539 fabricator
988 3473 1220 3556 machinarum,

74 3587 382 3670 interpretationem
410 3587 565 3651 adicimus
588 3607 711 3669 eorum,
740 3606 821 3669 quae
843 3605 909 3648 non
935 3583 1116 3647 dubitamus
1144 3583 1222 3667 quin

74 3695 176 3761 multi
210 3716 247 3758 ex
279 3695 449 3780 Aegyptiis
482 3695 629 3760 obeliscis
662 3695 764 3778 petita
799 3692 949 3758 credituri
976 3694 1051 3758 sint.
1102 3691 1222 3756 Valent

75 3806 184 3891 igitur
206 3803 263 3868 illa
290 3805 401 3889 signa,
429 3805 456 3868 si
479 3825 587 3868 eorum
614 3803 730 3888 pictori
753 3803 925 3887 oredimus,
955 3805 1030 3868 hoc:
1058 3809 1221 3882 disquiritis
1239 3807 1272 3856 ⁵²

74 3919 306 3980 duodeviceu'es
332 3919 412 3978 mille
439 3919 644 3980 culminibus.
666 3951 710 3964 ·-
737 3911 805 3977 Nos
834 3917 941 3978 autem
970 3935 1040 3978 cum
1068 3912 1221 3994 scriptum

74 4024 182 4087 funsse
211 4041 307 4102 opera
335 4027 481 4086 Demetrii
513 4028 649 4088 Ptolerir'
674 4027 831 4104 preterire
862 4043 961 4088 secum
994 4021 1218 4100 coniceremus,

77 4185 287 4196 —.-..--—--—.

149 4275 176 4342 *)
195 4273 335 4342 [Legimus
352 4291 425 4328 nunc
442 4290 509 4328 sane
528 4273 558 4326 in
576 4273 694 4328 Tretaae
711 4273 920 4344 Prolegomenis
937 4269 1128 4328 Ambrosianis
1146 4271 1220 4342 apud

75 4365 203 4422 Keiliurn
220 4383 247 4436 p.
269 4371 324 4430 nr,
341 4371 370 4420 ὃς
389 4369 434 4421 καὶ
450 4366 606 4436 γερουείων
623 4367 730 4436 ἑτέρων
747 4367 878 4436 ἀνδρῶν]
