2942 5134
296 377 344 438 371
352 381 358 432 t
647 391 693 436 on
717 391 888 436 armornm
910 391 1079 438 irnnsmvs

295 544 488 606 translatum
516 547 642 626 praeter
670 543 730 605 hoc
758 565 856 605 unum
884 544 1071 626 exemplum.
1116 542 1205 616 Quod
1233 545 1268 604 ut
1293 543 1420 625 potuisse

295 658 404 716 tamen
427 655 495 717 ficri
518 655 709 737 largiamur,
734 656 767 715 at
783 655 924 716 omnium
939 653 1070 716 minime
1087 651 1248 715 commode
1267 652 1421 714 fatendum

296 769 344 826 est
368 787 405 826 eo
428 765 497 828 loco
520 765 604 846 fieri,
634 764 688 826 ubi
716 764 825 846 paucis
854 767 927 846 post
948 763 1090 827 versibus
1113 762 1223 825 eodem
1251 763 1423 841 ἐπεύχεεθαι

295 875 392 937 verbo
416 874 528 937 chorus
552 897 617 936 non
642 882 807 955 ‘vovere’‚
832 875 885 936 scd
910 873 1067 956 ‘precari'
1096 873 1256 936 iubeatur:
1293 873 1423 952 ἐπεύχου

295 987 334 1063 μὴ
358 986 559 1065 φιλοετόνω(
583 989 677 1048 θεοῖς.
724 983 791 1058 Quo
813 986 849 1046 ut
870 984 967 1046 ctiam
989 987 1124 1067 augetur
1146 981 1267 1045 fraudis
1288 984 1423 1065 ampitio,

295 1095 341 1156 ita
362 1095 398 1156 iu
421 1094 481 1157 hac
504 1095 573 1176 ipsa
596 1095 706 1156 t'almla
729 1094 808 1156 satis
823 1094 912 1157 vobis
930 1098 1058 1157 constat
1080 1115 1145 1157 non
1167 1093 1274 1156 deesse
1289 1095 1425 1176 exempla

296 1204 391 1266 simili
420 1203 588 1266 sedulitate
617 1204 801 1266 adsutorum
830 1226 1009 1286 pannorum
1037 1204 1068 1266 h.
1098 1226 1125 1266 e.
1155 1225 1221 1266 non
1249 1225 1266 1266 a
1294 1204 1426 1267 librariis

296 1315 400 1396 potius
417 1314 610 1394 adsutorum,
635 1337 730 1397 qrram
746 1337 764 1376 a
782 1314 922 1377 doctiore
940 1315 1045 1397 aliquo
1067 1314 1186 1376 lectore
1209 1313 1426 1396 profectorum.

296 1425 348 1506 qui
373 1425 523 1486 nimirum
545 1424 676 1506 ingenio
700 1424 880 1507 indulgeret
903 1447 959 1487 suo
982 1423 1218 1506 ludibundaque
1241 1446 1331 1486 manu
1357 1426 1428 1507 quid

295 1534 377 1596 vires
400 1539 531 1617 possent
554 1534 760 1616 experiretur.

379 1644 521 1726 Expulso
550 1644 731 1726 importuno
766 1645 1000 1726 additamento,
1035 1644 1118 1727 quod
1146 1666 1212 1707 non
1246 1649 1293 1706 est.
1318 1646 1429 1708 mirum

295 1755 555 1836 interpolatorem
579 1755 832 1817 accommodasse
856 1754 894 1816 ad
925 1776 996 1816 cum
1023 1777 1115 1836 quem
1144 1754 1296 1836 scriptum
1322 1776 1433 1838 reppe

294 1865 387 1926 risset
410 1865 615 1941 otudrcovrac
639 1865 869 1946 accusativum,
894 1864 1035 1947 sequitur
1057 1868 1093 1926 ut
1115 1863 1173 1926 hoc
1190 1864 1258 1946 ipso
1280 1865 1356 1946 quid
1380 1867 1432 1927 fiat

296 1977 480 2056 quaeratur,
505 1975 621 2057 quippe
638 1975 720 2057 quod
736 1997 831 2058 supra
847 1974 1016 2036 viderimus
1032 1973 1101 2036 sine
1123 1975 1203 2052 ἡμᾶς
1223 1973 1284 2036 dici
1306 1996 1433 2056 prorsus

295 2105 360 2146 non
389 2084 539 2166 potuisse.
586 2085 692 2167 Atque
719 2085 772 2148 hic
800 2085 925 2168 quidem
955 2084 1038 2146 viam
1061 2084 1206 2146 veritatis
1236 2085 1435 2166 apertissime

295 2198 384 2256 vetus
408 2194 580 2257 scholiasta
603 2197 777 2276 monstrat,
807 2217 876 2257 nou¹
895 2196 921 2256 is
951 2195 1005 2276 qui
1029 2195 1127 2258 λείπει
1149 2196 1228 2272 ἡμᾶς
1252 2194 1433 2278 adscripsit.

295 2304 349 2366 sed
372 2304 468 2388 longe
491 2305 546 2366 illo
570 2309 601 2366 et
624 2304 840 2386 praestantior
863 2308 895 2367 et
917 2308 953 2366 ut
981 2304 1076 2366 facile
1105 2307 1239 2386 apparet
1261 2305 1434 2387 antiquior,

296 2415 382 2476 cuius
412 2414 443 2477 in
474 2413 616 2476 llledieeo
646 2415 753 2477 codice
783 2414 943 2496 ‹piantivis
979 2414 1074 2496 pretii
1103 2415 1199 2477 verba
1233 2413 1311 2476 haec
1347 2425 1436 2478 srmt:

296 2525 459 2601 ἐεθήμαειν
488 2526 644 2601 {conpara
672 2524 818 2602 ἀναθήεω
849 2527 913 2604 πρὸ
942 2530 1008 2588 τῶν
1037 2529 1126 2589 ναῶν
1154 2527 1193 2588 τὰ
1220 2525 1363 2604 λάφυρα.
1415 2525 1437 2588 Ε

295 2633 408 2714 quibus
432 2633 565 2714 prinmm
594 2633 653 2696 hoc
680 2634 893 2717 intellegitur,
923 2635 1020 2696 talem
1048 2633 1214 2717 interpreti
1245 2635 1437 2718 scripturam

239 2757 275 2804 νιι
296 2745 370 2804 ante
394 2743 500 2805 oculos
528 2744 642 2824 fuisse,
673 2767 734 2826 qua
759 2767 824 2806 non
852 2743 891 2805 ud
914 2743 1084 2806 Thebanos
1107 2745 1288 2826 universoS,
1319 2747 1381 2808 sed
1405 2745 1438 2807 ad

294 2852 387 2914 unius
417 2851 556 2915 Eteoelis
585 2875 755 2935 personam
782 2854 849 2916 voti
876 2854 1035 2935 susceptio
1058 2854 1245 2917 referretur:
1278 2876 1361 2917 nam
1387 2879 1439 2938 pro

296 2965 380 3038 λέγω
410 2966 514 3039 θήεειν
544 2964 603 3026 etsi
627 2965 704 3026 satis
735 2963 896 3027 conmrode
924 2985 1042 3046 ponere
1071 2965 1219 3042 ἀναθήεω
1250 2965 1380 3046 potuit,
1412 2982 1439 3025 at

296 3093 353 3153 pro
382 3075 466 3148 λέγω
496 3074 574 3150 ἡμᾶς
603 3075 706 3150 Θήεειν
735 3074 879 3156 profecto
908 3096 972 3136 uon
1000 3073 1105 3155 potuit
1132 3095 1197 3136 non
1226 3074 1440 3152 ἀναθήεομεν.

295 3182 363 3255 (luo
380 3183 503 3244 accedit
521 3184 601 3264 qurrd
625 3183 799 3264 singularis
821 3183 944 3246 numeri
967 3206 1033 3246 uon
1055 3183 1160 3245 minus
1184 3187 1297 3266 aperto
1319 3184 1441 3246 indicin

296 3292 447 3374 estquod
472 3293 672 3374 subsequitur
688 3296 794 3372 (τὲψω
814 3295 959 3374 verbum,
984 3293 1022 3355 dc
1046 3316 1107 3376 quo
1129 3315 1185 3355 suo
1208 3293 1278 3356 loco
1303 3293 1440 3356 dicetur.

295 3401 385 3465 Haec
412 3402 511 3485 igitur
538 3423 607 3464 cam
641 3403 705 3464 vim
739 3403 856 3464 habere
889 3403 1121 3485 intellegirnuS‚
1159 3406 1195 3465 ut
1229 3403 1441 3484 Aeschylum]

296 3513 462 3575 verborum
498 3513 768 3575 constructionem
800 3535 865 3576 non
894 3513 990 3575 aliam
1017 3513 1078 3575 nisi
1109 3514 1193 3575 hanc
1220 3513 1325 3576 fuisse
1357 3533 1443 3575 corn·

295 3627 412 3704 guant:
437 3625 500 3697 ἐγὼ
524 3626 558 3686 o'e
582 3625 665 3698 λέγω
689 3624 831 3701 μήλοιειν
854 3623 1010 3700 αἱμάεεων
1034 3623 1134 3687 teria(
1157 3628 1242 3688 θεῶν
1262 3625 1379 3700 θήεειν
1396 3657 1442 3680 -.

295 3728 363 3792 Nec
386 3733 451 3792 lere
475 3732 544 3813 plus
568 3754 662 3814 quam
678 3735 770 3794 mnus
793 3732 920 3794 litterae
936 3733 1145 3796 mutationem
1161 3733 1252 3796 nobis
1267 3733 1443 3794 sumimus.

296 3862 407 3902 cuma
431 3846 543 3922 poetae
566 3863 663 3904 manu
686 3842 745 3905 hoc
769 3866 835 3905 csse
859 3844 1036 3924 protect-um
1061 3843 1246 3906 conicimus:

512 4006 652 4080 μήλοιειν
677 4004 872 4082 αἱμὰεεων
895 4005 977 4067 τόθ’
1000 4005 1100 4068 teria(
1124 4010 1207 4070 θεῶν

510 4117 614 4189 darem
636 4138 692 4175 μ-ε

296 4281 377 4361 quod
394 4303 456 4344 uuo
469 4281 603 4343 cranido
619 4281 816 4344 semicirculo
832 4283 877 4345 sic
890 4283 1042 4365 scriptum
1059 4281 1443 4344 ΑΙΜΑΕΕΟΝΤΟΕΕΕΤΙΑ(

296 4411 365 4452 cum
399 4392 558 4454 sententia
594 4397 730 4464 careret,
764 4393 860 4454 facile
893 4393 991 4455 videri
1025 4393 1130 4474 potuit
1162 4393 1194 4455 iu
1222 4390 1442 4468 uipdccovwc
