<?xml version="1.0" encoding="UTF-8"?>
<!DOCTYPE html PUBLIC "-//W3C//DTD XHTML 1.0 Transitional//EN"
    "http://www.w3.org/TR/xhtml1/DTD/xhtml1-transitional.dtd">
<html xmlns="http://www.w3.org/1999/xhtml" xml:lang="en" lang="en">
 <head>
  <title>
</title>
<meta http-equiv="Content-Type" content="text/html;charset=utf-8" />
  <meta name='ocr-system' content='tesseract 3.04.00' />
  <meta name='ocr-capabilities' content='ocr_page ocr_carea ocr_par ocr_line ocrx_word'/>
</head>
<body>
  <div class='ocr_page' id='page_1' title='image "./fridericiritsch04ritsgoog_0184.png"; bbox 0 0 2990 5140; ppageno 0'>
   <div class='ocr_carea' id='block_1_1' title="bbox 354 357 1220 420">
    <p class='ocr_par' dir='ltr' id='par_1_1' title="bbox 354 357 1220 420">
     <span class='ocr_line' id='line_1_1' title="bbox 354 357 1220 420; baseline -0.002 -4"><span class='ocrx_word' id='word_1_1' title='bbox 354 372 399 418; x_wconf 86' lang='lat' dir='ltr'>ns</span> <span class='ocrx_word' id='word_1_2' title='bbox 423 371 513 418; x_wconf 78' lang='lat' dir='ltr'>amu.</span> <span class='ocrx_word' id='word_1_3' title='bbox 538 371 640 419; x_wconf 75' lang='lat' dir='ltr'>anax.</span> <span class='ocrx_word' id='word_1_4' title='bbox 664 372 708 418; x_wconf 80' lang='lat' dir='ltr'>ar</span> <span class='ocrx_word' id='word_1_5' title='bbox 732 371 946 420; x_wconf 74' lang='lat' dir='ltr'>crsrsrasro.</span> <span class='ocrx_word' id='word_1_6' title='bbox 1161 357 1220 418; x_wconf 69' lang='lat' dir='ltr'>liat</span> 
     </span>
    </p>
   </div>
   <div class='ocr_carea' id='block_1_2' title="bbox 51 521 1270 4108">
    <p class='ocr_par' dir='ltr' id='par_1_2' title="bbox 51 521 1270 4108">
     <span class='ocr_line' id='line_1_2' title="bbox 69 521 1220 607; baseline -0.003 -19"><span class='ocrx_word' id='word_1_7' title='bbox 69 523 187 588; x_wconf 84' lang='lat' dir='ltr'>Vnum</span> <span class='ocrx_word' id='word_1_8' title='bbox 210 528 311 588; x_wconf 84' lang='lat' dir='ltr'>restat</span> <span class='ocrx_word' id='word_1_9' title='bbox 334 523 413 607; x_wconf 91' lang='lat' dir='ltr'>quod</span> <span class='ocrx_word' id='word_1_10' title='bbox 442 523 544 586; x_wconf 90' lang='lat' dir='ltr'>tribus</span> <span class='ocrx_word' id='word_1_11' title='bbox 567 523 671 586; x_wconf 88' lang='lat' dir='ltr'>verbis</span> <span class='ocrx_word' id='word_1_12' title='bbox 693 526 857 606; x_wconf 87' lang='lat' dir='ltr'>tangatur.</span> <span class='ocrx_word' id='word_1_13' title='bbox 903 521 1144 596; x_wconf 77' lang='lat' dir='ltr'>Quaesieramus</span> <span class='ocrx_word' id='word_1_14' title='bbox 1167 523 1220 606; x_wconf 88' lang='lat' dir='ltr'>(de</span> 
     </span>
     <span class='ocr_line' id='line_1_3' title="bbox 69 631 1270 720; baseline -0.003 -22"><span class='ocrx_word' id='word_1_15' title='bbox 69 634 154 698; x_wconf 90' lang='lat' dir='ltr'><strong>bibl.</strong></span> <span class='ocrx_word' id='word_1_16' title='bbox 180 635 233 698; x_wconf 84' lang='lat' dir='ltr'>Al.</span> <span class='ocrx_word' id='word_1_17' title='bbox 257 657 289 716; x_wconf 94' lang='lat' dir='ltr'>p.</span> <span class='ocrx_word' id='word_1_18' title='bbox 306 633 348 697; x_wconf 87' lang='grc'>34</span> <span class='ocrx_word' id='word_1_19' title='bbox 370 631 434 720; x_wconf 81' lang='grc'><strong>[30]</strong></span> <span class='ocrx_word' id='word_1_20' title='bbox 458 634 522 718; x_wconf 91' lang='lat' dir='ltr'>sq.)</span> <span class='ocrx_word' id='word_1_21' title='bbox 529 683 537 712; x_wconf 87' lang='lat'>,</span> <span class='ocrx_word' id='word_1_22' title='bbox 561 633 635 716; x_wconf 88' lang='lat' dir='ltr'>quid</span> <span class='ocrx_word' id='word_1_23' title='bbox 659 633 818 696; x_wconf 87' lang='lat' dir='ltr'>videretur</span> <span class='ocrx_word' id='word_1_24' title='bbox 840 635 1019 696; x_wconf 88' lang='lat' dir='ltr'>exterarum</span> <span class='ocrx_word' id='word_1_25' title='bbox 1041 631 1219 696; x_wconf 88' lang='lat' dir='ltr'>litteramm</span> <span class='ocrx_word' id='word_1_26' title='bbox 1237 647 1270 694; x_wconf 75' lang='lat' dir='ltr'>ra</span> 
     </span>
     <span class='ocr_line' id='line_1_4' title="bbox 69 741 1219 828; baseline -0.002 -22"><span class='ocrx_word' id='word_1_27' title='bbox 69 744 108 806; x_wconf 91' lang='lat' dir='ltr'>in</span> <span class='ocrx_word' id='word_1_28' title='bbox 125 765 280 828; x_wconf 80' lang='lat' dir='ltr'>graecam</span> <span class='ocrx_word' id='word_1_29' title='bbox 302 743 446 827; x_wconf 88' lang='lat' dir='ltr'>lingnam</span> <span class='ocrx_word' id='word_1_30' title='bbox 463 761 685 806; x_wconf 85' lang='lat' dir='ltr'>conversamm</span> <span class='ocrx_word' id='word_1_31' title='bbox 701 741 929 806; x_wconf 78' lang='lat' dir='ltr'><strong>Alexandrinis</strong></span> <span class='ocrx_word' id='word_1_32' title='bbox 945 741 1043 824; x_wconf 88' lang='lat' dir='ltr'>copiis</span> <span class='ocrx_word' id='word_1_33' title='bbox 1066 741 1219 804; x_wconf 89' lang='lat' dir='ltr'>sociatum</span> 
     </span>
     <span class='ocr_line' id='line_1_5' title="bbox 68 850 1220 936; baseline -0.001 -20"><span class='ocrx_word' id='word_1_34' title='bbox 68 875 155 916; x_wconf 87' lang='lat' dir='ltr'>esse.</span> <span class='ocrx_word' id='word_1_35' title='bbox 202 853 272 928; x_wconf 84' lang='lat' dir='ltr'>Quo</span> <span class='ocrx_word' id='word_1_36' title='bbox 294 854 328 916; x_wconf 90' lang='lat' dir='ltr'>in</span> <span class='ocrx_word' id='word_1_37' title='bbox 350 873 467 936; x_wconf 83' lang='lat' dir='ltr'>genere</span> <span class='ocrx_word' id='word_1_38' title='bbox 491 873 562 915; x_wconf 91' lang='lat' dir='ltr'>cum</span> <span class='ocrx_word' id='word_1_39' title='bbox 584 875 649 916; x_wconf 89' lang='lat' dir='ltr'>uon</span> <span class='ocrx_word' id='word_1_40' title='bbox 672 852 795 934; x_wconf 85' lang='lat' dir='ltr'>possint</span> <span class='ocrx_word' id='word_1_41' title='bbox 817 873 882 914; x_wconf 87' lang='lat' dir='ltr'>non</span> <span class='ocrx_word' id='word_1_42' title='bbox 910 850 1008 914; x_wconf 84' lang='lat' dir='ltr'>videri</span> <span class='ocrx_word' id='word_1_43' title='bbox 1031 851 1138 932; x_wconf 88' lang='lat' dir='ltr'>nimii,</span> <span class='ocrx_word' id='word_1_44' title='bbox 1167 853 1220 934; x_wconf 89' lang='lat' dir='ltr'>qui</span> 
     </span>
     <span class='ocr_line' id='line_1_6' title="bbox 68 959 1219 1045; baseline -0.002 -21"><span class='ocrx_word' id='word_1_45' title='bbox 68 961 114 1024; x_wconf 90' lang='lat' dir='ltr'>de</span> <span class='ocrx_word' id='word_1_46' title='bbox 137 963 303 1045; x_wconf 85' lang='lat' dir='ltr'>quibusvis</span> <span class='ocrx_word' id='word_1_47' title='bbox 326 961 415 1024; x_wconf 88' lang='lat' dir='ltr'>libris</span> <span class='ocrx_word' id='word_1_48' title='bbox 437 962 618 1045; x_wconf 84' lang='lat' dir='ltr'>quorumvis</span> <span class='ocrx_word' id='word_1_49' title='bbox 641 961 828 1044; x_wconf 91' lang='lat' dir='ltr'>populorum</span> <span class='ocrx_word' id='word_1_50' title='bbox 852 962 1023 1044; x_wconf 88' lang='lat' dir='ltr'>loquuntur</span> <span class='ocrx_word' id='word_1_51' title='bbox 1043 959 1219 1024; x_wconf 79' lang='lat' dir='ltr'>liberalius:</span> 
     </span>
     <span class='ocr_line' id='line_1_7' title="bbox 69 1069 1220 1154; baseline -0.003 -20"><span class='ocrx_word' id='word_1_52' title='bbox 69 1093 112 1134; x_wconf 88' lang='lat' dir='ltr'>eo</span> <span class='ocrx_word' id='word_1_53' title='bbox 135 1070 386 1136; x_wconf 88' lang='lat' dir='ltr'>incumbendum</span> <span class='ocrx_word' id='word_1_54' title='bbox 413 1074 478 1152; x_wconf 88' lang='lat' dir='ltr'>est,</span> <span class='ocrx_word' id='word_1_55' title='bbox 507 1075 544 1133; x_wconf 93' lang='lat' dir='ltr'>ut</span> <span class='ocrx_word' id='word_1_56' title='bbox 570 1091 587 1134; x_wconf 91' lang='lat' dir='ltr'>e</span> <span class='ocrx_word' id='word_1_57' title='bbox 609 1070 807 1154; x_wconf 88' lang='lat' dir='ltr'>singulorum</span> <span class='ocrx_word' id='word_1_58' title='bbox 834 1069 895 1132; x_wconf 88' lang='lat' dir='ltr'>fide</span> <span class='ocrx_word' id='word_1_59' title='bbox 917 1070 1131 1152; x_wconf 84' lang='lat' dir='ltr'>exemplorum</span> <span class='ocrx_word' id='word_1_60' title='bbox 1158 1091 1220 1132; x_wconf 91' lang='lat' dir='ltr'>me-</span> 
     </span>
     <span class='ocr_line' id='line_1_8' title="bbox 69 1178 1220 1262; baseline -0.002 -18"><span class='ocrx_word' id='word_1_61' title='bbox 69 1181 180 1244; x_wconf 87' lang='lat' dir='ltr'>moria</span> <span class='ocrx_word' id='word_1_62' title='bbox 207 1180 264 1244; x_wconf 92' lang='lat' dir='ltr'>illa</span> <span class='ocrx_word' id='word_1_63' title='bbox 291 1181 439 1244; x_wconf 84' lang='lat' dir='ltr'>universa</span> <span class='ocrx_word' id='word_1_64' title='bbox 469 1183 645 1244; x_wconf 80' lang='lat' dir='ltr'>censeatur.</span> <span class='ocrx_word' id='word_1_65' title='bbox 696 1180 802 1262; x_wconf 81' lang='lat' dir='ltr'>Atque</span> <span class='ocrx_word' id='word_1_66' title='bbox 835 1181 874 1242; x_wconf 88' lang='lat' dir='ltr'>de</span> <span class='ocrx_word' id='word_1_67' title='bbox 908 1179 997 1242; x_wconf 89' lang='lat' dir='ltr'>libris</span> <span class='ocrx_word' id='word_1_68' title='bbox 1030 1179 1129 1242; x_wconf 88' lang='lat' dir='ltr'>sacris</span> <span class='ocrx_word' id='word_1_69' title='bbox 1157 1178 1220 1242; x_wconf 90' lang='lat' dir='ltr'>He-</span> 
     </span>
     <span class='ocr_line' id='line_1_9' title="bbox 69 1286 1220 1372; baseline 0 -20"><span class='ocrx_word' id='word_1_70' title='bbox 69 1291 247 1353; x_wconf 87' lang='lat' dir='ltr'>braeorum</span> <span class='ocrx_word' id='word_1_71' title='bbox 269 1289 317 1354; x_wconf 89' lang='lat' dir='ltr'>sic</span> <span class='ocrx_word' id='word_1_72' title='bbox 339 1311 425 1354; x_wconf 91' lang='lat' dir='ltr'>nunc</span> <span class='ocrx_word' id='word_1_73' title='bbox 447 1289 514 1353; x_wconf 86' lang='lat' dir='ltr'>fere</span> <span class='ocrx_word' id='word_1_74' title='bbox 529 1292 668 1352; x_wconf 78' lang='lat' dir='ltr'>statuere</span> <span class='ocrx_word' id='word_1_75' title='bbox 685 1287 851 1372; x_wconf 88' lang='lat' dir='ltr'>theologos</span> <span class='ocrx_word' id='word_1_76' title='bbox 866 1288 1005 1370; x_wconf 91' lang='lat' dir='ltr'>accipio,</span> <span class='ocrx_word' id='word_1_77' title='bbox 1029 1291 1064 1350; x_wconf 89' lang='lat' dir='ltr'>ut</span> <span class='ocrx_word' id='word_1_78' title='bbox 1086 1287 1124 1350; x_wconf 89' lang='lat' dir='ltr'>de</span> <span class='ocrx_word' id='word_1_79' title='bbox 1140 1286 1220 1352; x_wconf 89' lang='lat' dir='ltr'>Pen-</span> 
     </span>
     <span class='ocr_line' id='line_1_10' title="bbox 67 1396 1220 1482; baseline -0.005 -20"><span class='ocrx_word' id='word_1_80' title='bbox 67 1399 230 1463; x_wconf 85' lang='lat' dir='ltr'>tateucho</span> <span class='ocrx_word' id='word_1_81' title='bbox 263 1398 388 1482; x_wconf 91' lang='lat' dir='ltr'>quidem</span> <span class='ocrx_word' id='word_1_82' title='bbox 421 1398 521 1481; x_wconf 89' lang='lat' dir='ltr'>ipsius</span> <span class='ocrx_word' id='word_1_83' title='bbox 554 1397 639 1460; x_wconf 90' lang='lat' dir='ltr'>iussu</span> <span class='ocrx_word' id='word_1_84' title='bbox 667 1397 869 1482; x_wconf 88' lang='lat' dir='ltr'>Philadelphi</span> <span class='ocrx_word' id='word_1_85' title='bbox 900 1396 1058 1460; x_wconf 88' lang='lat' dir='ltr'>translato</span> <span class='ocrx_word' id='word_1_86' title='bbox 1086 1419 1105 1458; x_wconf 91' lang='lat' dir='ltr'>a</span> <span class='ocrx_word' id='word_1_87' title='bbox 1133 1397 1220 1460; x_wconf 83' lang='lat' dir='ltr'>millo</span> 
     </span>
     <span class='ocr_line' id='line_1_11' title="bbox 69 1506 1219 1592; baseline -0.001 -22"><span class='ocrx_word' id='word_1_88' title='bbox 69 1509 141 1571; x_wconf 89' lang='lat' dir='ltr'>iam</span> <span class='ocrx_word' id='word_1_89' title='bbox 158 1509 331 1572; x_wconf 85' lang='lat' dir='ltr'>dubitetur.</span> <span class='ocrx_word' id='word_1_90' title='bbox 355 1508 404 1572; x_wconf 91' lang='lat' dir='ltr'>De</span> <span class='ocrx_word' id='word_1_91' title='bbox 415 1507 625 1591; x_wconf 84' lang='lat' dir='ltr'>Aegyptiacis</span> <span class='ocrx_word' id='word_1_92' title='bbox 631 1509 662 1592; x_wconf 68' lang='lat'>²)</span> <span class='ocrx_word' id='word_1_93' title='bbox 679 1529 751 1570; x_wconf 88' lang='lat' dir='ltr'>cnm</span> <span class='ocrx_word' id='word_1_94' title='bbox 763 1529 782 1569; x_wconf 93' lang='lat' dir='ltr'>a</span> <span class='ocrx_word' id='word_1_95' title='bbox 794 1506 989 1570; x_wconf 89' lang='lat' dir='ltr'>Manethone</span> <span class='ocrx_word' id='word_1_96' title='bbox 1001 1511 1067 1568; x_wconf 91' lang='lat' dir='ltr'>tum</span> <span class='ocrx_word' id='word_1_97' title='bbox 1081 1506 1219 1569; x_wconf 90' lang='lat' dir='ltr'>ciusdem</span> 
     </span>
     <span class='ocr_line' id='line_1_12' title="bbox 66 1614 1220 1700; baseline -0.002 -20"><span class='ocrx_word' id='word_1_98' title='bbox 66 1617 163 1680; x_wconf 89' lang='lat' dir='ltr'>iHius</span> <span class='ocrx_word' id='word_1_99' title='bbox 179 1617 355 1682; x_wconf 74' lang='lat' dir='ltr'>Ptolemaei</span> <span class='ocrx_word' id='word_1_100' title='bbox 370 1616 522 1680; x_wconf 83' lang='lat' dir='ltr'>mandato</span> <span class='ocrx_word' id='word_1_101' title='bbox 538 1617 579 1680; x_wconf 92' lang='lat' dir='ltr'>ab</span> <span class='ocrx_word' id='word_1_102' title='bbox 594 1616 808 1681; x_wconf 81' lang='lat' dir='ltr'>Eratosthene</span> <span class='ocrx_word' id='word_1_103' title='bbox 829 1637 944 1700; x_wconf 84' lang='lat' dir='ltr'>graece</span> <span class='ocrx_word' id='word_1_104' title='bbox 959 1614 1090 1678; x_wconf 85' lang='lat' dir='ltr'>redditis</span> <span class='ocrx_word' id='word_1_105' title='bbox 1105 1619 1220 1678; x_wconf 88' lang='lat' dir='ltr'>testem</span> 
     </span>
     <span class='ocr_line' id='line_1_13' title="bbox 67 1724 1220 1810; baseline -0.002 -20"><span class='ocrx_word' id='word_1_106' title='bbox 67 1727 233 1790; x_wconf 87' lang='lat' dir='ltr'>habemus</span> <span class='ocrx_word' id='word_1_107' title='bbox 255 1727 446 1810; x_wconf 82' lang='lat' dir='ltr'>Synccllum.</span> <span class='ocrx_word' id='word_1_108' title='bbox 492 1725 552 1789; x_wconf 88' lang='lat' dir='ltr'>His</span> <span class='ocrx_word' id='word_1_109' title='bbox 580 1725 710 1790; x_wconf 87' lang='lat' dir='ltr'>tertium</span> <span class='ocrx_word' id='word_1_110' title='bbox 737 1726 915 1808; x_wconf 83' lang='lat' dir='ltr'>exemplum</span> <span class='ocrx_word' id='word_1_111' title='bbox 938 1724 1087 1788; x_wconf 88' lang='lat' dir='ltr'>audemus</span> <span class='ocrx_word' id='word_1_112' title='bbox 1113 1747 1131 1788; x_wconf 91' lang='lat' dir='ltr'>e</span> <span class='ocrx_word' id='word_1_113' title='bbox 1153 1725 1220 1788; x_wconf 89' lang='lat' dir='ltr'>sola</span> 
     </span>
     <span class='ocr_line' id='line_1_14' title="bbox 68 1833 1217 1920; baseline -0.002 -20"><span class='ocrx_word' id='word_1_114' title='bbox 68 1837 264 1920; x_wconf 71' lang='lat' dir='ltr'>coniectura</span> <span class='ocrx_word' id='word_1_115' title='bbox 292 1837 434 1920; x_wconf 88' lang='lat' dir='ltr'>iungere.</span> <span class='ocrx_word' id='word_1_116' title='bbox 485 1835 533 1900; x_wconf 88' lang='lat' dir='ltr'>De</span> <span class='ocrx_word' id='word_1_117' title='bbox 568 1839 636 1898; x_wconf 87' lang='lat' dir='ltr'>arte</span> <span class='ocrx_word' id='word_1_118' title='bbox 670 1835 798 1919; x_wconf 86' lang='lat' dir='ltr'>magica</span> <span class='ocrx_word' id='word_1_119' title='bbox 830 1835 954 1898; x_wconf 90' lang='lat' dir='ltr'>locutus</span> <span class='ocrx_word' id='word_1_120' title='bbox 986 1833 1109 1898; x_wconf 86' lang='lat' dir='ltr'>Plinius</span> <span class='ocrx_word' id='word_1_121' title='bbox 1142 1833 1217 1898; x_wconf 86' lang='lat' dir='ltr'>Nat.</span> 
     </span>
     <span class='ocr_line' id='line_1_15' title="bbox 67 1943 1218 2028; baseline 0 -20"><span class='ocrx_word' id='word_1_122' title='bbox 67 1946 151 2008; x_wconf 86' lang='lat' dir='ltr'>hist.</span> <span class='ocrx_word' id='word_1_123' title='bbox 176 1943 284 2024; x_wconf 87' lang='lat' dir='ltr'>XXX,</span> <span class='ocrx_word' id='word_1_124' title='bbox 312 1947 382 2027; x_wconf 86' lang='lat'>1,4</span> <span class='ocrx_word' id='word_1_125' title='bbox 403 1945 450 2009; x_wconf 89' lang='lat' dir='ltr'>sic</span> <span class='ocrx_word' id='word_1_126' title='bbox 472 1945 593 2028; x_wconf 84' lang='lat' dir='ltr'>pergit:</span> <span class='ocrx_word' id='word_1_127' title='bbox 617 1950 799 2025; x_wconf 77' lang='lat' dir='ltr'>Hermippus</span> <span class='ocrx_word' id='word_1_128' title='bbox 816 1951 869 2024; x_wconf 84' lang='lat' dir='ltr'>qui</span> <span class='ocrx_word' id='word_1_129' title='bbox 889 1951 927 2008; x_wconf 88' lang='lat' dir='ltr'>de</span> <span class='ocrx_word' id='word_1_130' title='bbox 945 1966 982 2008; x_wconf 84' lang='lat' dir='ltr'>ee</span> <span class='ocrx_word' id='word_1_131' title='bbox 1003 1957 1073 2008; x_wconf 79' lang='lat' dir='ltr'>arie</span> <span class='ocrx_word' id='word_1_132' title='bbox 1094 1951 1218 2022; x_wconf 70' lang='lat' dir='ltr'>diripen-</span> 
     </span>
     <span class='ocr_line' id='line_1_16' title="bbox 66 2059 1218 2134; baseline -0.002 -16"><span class='ocrx_word' id='word_1_133' title='bbox 66 2062 189 2120; x_wconf 80' lang='lat' dir='ltr'>tissime</span> <span class='ocrx_word' id='word_1_134' title='bbox 210 2061 331 2134; x_wconf 77' lang='lat' dir='ltr'>scripsit</span> <span class='ocrx_word' id='word_1_135' title='bbox 352 2067 380 2118; x_wconf 80' lang='lat' dir='ltr'>e!</span> <span class='ocrx_word' id='word_1_136' title='bbox 402 2061 512 2119; x_wconf 81' lang='lat' dir='ltr'>viciens</span> <span class='ocrx_word' id='word_1_137' title='bbox 533 2067 650 2118; x_wconf 74' lang='lat' dir='ltr'>carrum</span> <span class='ocrx_word' id='word_1_138' title='bbox 672 2061 756 2118; x_wconf 81' lang='lat' dir='ltr'>milia</span> <span class='ocrx_word' id='word_1_139' title='bbox 772 2075 906 2118; x_wconf 82' lang='lat' dir='ltr'>rersrmm</span> <span class='ocrx_word' id='word_1_140' title='bbox 930 2075 950 2116; x_wconf 84' lang='lat' dir='ltr'>a</span> <span class='ocrx_word' id='word_1_141' title='bbox 966 2059 1129 2118; x_wconf 79' lang='lat' dir='ltr'>Zoroastre</span> <span class='ocrx_word' id='word_1_142' title='bbox 1149 2077 1218 2117; x_wconf 85' lang='lat' dir='ltr'>ron-</span> 
     </span>
     <span class='ocr_line' id='line_1_17' title="bbox 66 2163 1220 2244; baseline -0.003 -16"><span class='ocrx_word' id='word_1_143' title='bbox 66 2171 156 2242; x_wconf 77' lang='lat' dir='ltr'>dira,</span> <span class='ocrx_word' id='word_1_144' title='bbox 186 2169 333 2230; x_wconf 77' lang='lat' dir='ltr'>indicibus</span> <span class='ocrx_word' id='word_1_145' title='bbox 360 2185 477 2244; x_wconf 81' lang='lat' dir='ltr'>queque</span> <span class='ocrx_word' id='word_1_146' title='bbox 498 2169 678 2228; x_wconf 83' lang='lat' dir='ltr'>colrrmr&#39;num</span> <span class='ocrx_word' id='word_1_147' title='bbox 705 2171 768 2228; x_wconf 86' lang='lat' dir='ltr'>eius</span> <span class='ocrx_word' id='word_1_148' title='bbox 792 2170 911 2242; x_wconf 78' lang='lat' dir='ltr'>positis,</span> <span class='ocrx_word' id='word_1_149' title='bbox 940 2169 1126 2242; x_wconf 74' lang='lat' dir='ltr'>explanarit.</span> <span class='ocrx_word' id='word_1_150' title='bbox 1174 2163 1220 2225; x_wconf 85' lang='lat' dir='ltr'>lle</span> 
     </span>
     <span class='ocr_line' id='line_1_18' title="bbox 67 2271 1219 2355; baseline -0.002 -18"><span class='ocrx_word' id='word_1_151' title='bbox 67 2273 226 2338; x_wconf 89' lang='lat' dir='ltr'>doctrina</span> <span class='ocrx_word' id='word_1_152' title='bbox 248 2277 354 2338; x_wconf 88' lang='lat' dir='ltr'>autem</span> <span class='ocrx_word' id='word_1_153' title='bbox 376 2273 564 2337; x_wconf 81' lang='lat' dir='ltr'>Zoroastres</span> <span class='ocrx_word' id='word_1_154' title='bbox 587 2273 646 2336; x_wconf 84' lang='lat' dir='ltr'>etsi</span> <span class='ocrx_word' id='word_1_155' title='bbox 669 2273 734 2336; x_wconf 91' lang='lat' dir='ltr'>iam</span> <span class='ocrx_word' id='word_1_156' title='bbox 757 2276 832 2336; x_wconf 91' lang='lat' dir='ltr'>ante</span> <span class='ocrx_word' id='word_1_157' title='bbox 851 2271 1060 2355; x_wconf 85' lang='lat' dir='ltr'>Hermippum</span> <span class='ocrx_word' id='word_1_158' title='bbox 1084 2272 1219 2354; x_wconf 88' lang='lat' dir='ltr'>plurima</span> 
     </span>
     <span class='ocr_line' id='line_1_19' title="bbox 67 2381 1220 2468; baseline -0.002 -22"><span class='ocrx_word' id='word_1_159' title='bbox 67 2385 162 2447; x_wconf 86' lang='lat' dir='ltr'>inter</span> <span class='ocrx_word' id='word_1_160' title='bbox 178 2405 310 2468; x_wconf 83' lang='lat' dir='ltr'>graecos</span> <span class='ocrx_word' id='word_1_161' title='bbox 325 2384 496 2467; x_wconf 86' lang='lat' dir='ltr'>scriptores</span> <span class='ocrx_word' id='word_1_162' title='bbox 511 2383 631 2447; x_wconf 91' lang='lat' dir='ltr'>mentio</span> <span class='ocrx_word' id='word_1_163' title='bbox 646 2383 900 2466; x_wconf 78' lang='lat' dir='ltr'>percrebruerat:</span> <span class='ocrx_word' id='word_1_164' title='bbox 916 2381 948 2444; x_wconf 90' lang='lat' dir='ltr'>id</span> <span class='ocrx_word' id='word_1_165' title='bbox 964 2381 1045 2464; x_wconf 88' lang='lat' dir='ltr'>quod</span> <span class='ocrx_word' id='word_1_166' title='bbox 1059 2381 1220 2444; x_wconf 90' lang='lat' dir='ltr'>commode</span> 
     </span>
     <span class='ocr_line' id='line_1_20' title="bbox 66 2491 1219 2576; baseline -0.003 -20"><span class='ocrx_word' id='word_1_167' title='bbox 66 2493 276 2576; x_wconf 70' lang='lat' dir='ltr'>lmzynskius</span> <span class='ocrx_word' id='word_1_168' title='bbox 304 2492 411 2558; x_wconf 91' lang='lat' dir='ltr'>docuit</span> <span class='ocrx_word' id='word_1_169' title='bbox 438 2492 477 2556; x_wconf 91' lang='lat' dir='ltr'>de</span> <span class='ocrx_word' id='word_1_170' title='bbox 500 2491 610 2556; x_wconf 88' lang='lat' dir='ltr'>Herm.</span> <span class='ocrx_word' id='word_1_171' title='bbox 635 2515 665 2575; x_wconf 90' lang='lat' dir='ltr'>p.</span> <span class='ocrx_word' id='word_1_172' title='bbox 689 2493 746 2556; x_wconf 77' lang='lat'>47:</span> <span class='ocrx_word' id='word_1_173' title='bbox 774 2495 883 2554; x_wconf 90' lang='lat' dir='ltr'>tamen</span> <span class='ocrx_word' id='word_1_174' title='bbox 912 2491 1090 2574; x_wconf 79' lang='lat' dir='ltr'>promiscua</span> <span class='ocrx_word' id='word_1_175' title='bbox 1117 2491 1219 2554; x_wconf 88' lang='lat' dir='ltr'>omnis</span> 
     </span>
     <span class='ocr_line' id='line_1_21' title="bbox 67 2600 1219 2686; baseline -0.003 -21"><span class='ocrx_word' id='word_1_176' title='bbox 67 2603 131 2665; x_wconf 90' lang='lat' dir='ltr'>illa</span> <span class='ocrx_word' id='word_1_177' title='bbox 155 2601 300 2686; x_wconf 88' lang='lat' dir='ltr'>cognitio</span> <span class='ocrx_word' id='word_1_178' title='bbox 322 2601 384 2666; x_wconf 86' lang='lat' dir='ltr'>fuit</span> <span class='ocrx_word' id='word_1_179' title='bbox 406 2605 438 2664; x_wconf 90' lang='lat' dir='ltr'>et</span> <span class='ocrx_word' id='word_1_180' title='bbox 460 2601 610 2682; x_wconf 82' lang='lat' dir='ltr'>fortuita,</span> <span class='ocrx_word' id='word_1_181' title='bbox 640 2623 699 2664; x_wconf 88' lang='lat' dir='ltr'>nec</span> <span class='ocrx_word' id='word_1_182' title='bbox 727 2601 873 2685; x_wconf 88' lang='lat' dir='ltr'>cuiqnam</span> <span class='ocrx_word' id='word_1_183' title='bbox 901 2601 1115 2684; x_wconf 84' lang='lat' dir='ltr'>antiquiorum</span> <span class='ocrx_word' id='word_1_184' title='bbox 1143 2600 1219 2664; x_wconf 87' lang='lat' dir='ltr'>scri-</span> 
     </span>
     <span class='ocr_line' id='line_1_22' title="bbox 68 2710 1218 2796; baseline -0.002 -22"><span class='ocrx_word' id='word_1_185' title='bbox 68 2715 205 2794; x_wconf 86' lang='lat' dir='ltr'>ptorum</span> <span class='ocrx_word' id='word_1_186' title='bbox 220 2711 348 2796; x_wconf 83' lang='lat' dir='ltr'>integra</span> <span class='ocrx_word' id='word_1_187' title='bbox 371 2710 455 2774; x_wconf 90' lang='lat' dir='ltr'>illius</span> <span class='ocrx_word' id='word_1_188' title='bbox 477 2711 642 2774; x_wconf 90' lang='lat' dir='ltr'>doctrinae</span> <span class='ocrx_word' id='word_1_189' title='bbox 664 2713 869 2774; x_wconf 88' lang='lat' dir='ltr'>monumenta</span> <span class='ocrx_word' id='word_1_190' title='bbox 892 2710 1007 2772; x_wconf 81' lang='lat' dir='ltr'>litteris</span> <span class='ocrx_word' id='word_1_191' title='bbox 1029 2710 1218 2793; x_wconf 85' lang='lat' dir='ltr'>consignata</span> 
     </span>
     <span class='ocr_line' id='line_1_23' title="bbox 67 2819 1218 2904; baseline -0.002 -20"><span class='ocrx_word' id='word_1_192' title='bbox 67 2819 178 2884; x_wconf 78' lang='lat' dir='ltr'>videri</span> <span class='ocrx_word' id='word_1_193' title='bbox 212 2825 345 2904; x_wconf 86' lang='lat' dir='ltr'>possunt</span> <span class='ocrx_word' id='word_1_194' title='bbox 378 2821 413 2884; x_wconf 89' lang='lat' dir='ltr'>in</span> <span class='ocrx_word' id='word_1_195' title='bbox 447 2823 596 2904; x_wconf 91' lang='lat' dir='ltr'>promptu</span> <span class='ocrx_word' id='word_1_196' title='bbox 623 2819 730 2883; x_wconf 88' lang='lat' dir='ltr'>fuisse.</span> <span class='ocrx_word' id='word_1_197' title='bbox 781 2820 892 2904; x_wconf 89' lang='lat' dir='ltr'>ltaque</span> <span class='ocrx_word' id='word_1_198' title='bbox 921 2819 1131 2902; x_wconf 87' lang='lat' dir='ltr'>Hermippum</span> <span class='ocrx_word' id='word_1_199' title='bbox 1164 2819 1218 2882; x_wconf 87' lang='lat' dir='ltr'>alii</span> 
     </span>
     <span class='ocr_line' id='line_1_24' title="bbox 67 2928 1218 3012; baseline -0.002 -18"><span class='ocrx_word' id='word_1_200' title='bbox 67 2933 261 2994; x_wconf 82' lang='lat' dir='ltr'>statuerant</span> <span class='ocrx_word' id='word_1_201' title='bbox 292 2929 354 2994; x_wconf 88' lang='lat' dir='ltr'>iter</span> <span class='ocrx_word' id='word_1_202' title='bbox 385 2929 498 2994; x_wconf 84' lang='lat' dir='ltr'>fecisse</span> <span class='ocrx_word' id='word_1_203' title='bbox 530 2929 565 2994; x_wconf 92' lang='lat' dir='ltr'>in</span> <span class='ocrx_word' id='word_1_204' title='bbox 599 2929 712 2993; x_wconf 89' lang='lat' dir='ltr'>Persas</span> <span class='ocrx_word' id='word_1_205' title='bbox 746 2929 851 3012; x_wconf 89' lang='lat' dir='ltr'>ibique</span> <span class='ocrx_word' id='word_1_206' title='bbox 885 2951 905 2992; x_wconf 89' lang='lat' dir='ltr'>a</span> <span class='ocrx_word' id='word_1_207' title='bbox 937 2929 1040 3012; x_wconf 87' lang='lat' dir='ltr'>magis</span> <span class='ocrx_word' id='word_1_208' title='bbox 1074 2928 1218 2992; x_wconf 90' lang='lat' dir='ltr'>edoctum</span> 
     </span>
     <span class='ocr_line' id='line_1_25' title="bbox 68 3037 1218 3124; baseline -0.003 -20"><span class='ocrx_word' id='word_1_209' title='bbox 68 3061 161 3120; x_wconf 84' lang='lat' dir='ltr'>esse,</span> <span class='ocrx_word' id='word_1_210' title='bbox 186 3039 244 3102; x_wconf 89' lang='lat' dir='ltr'>alii</span> <span class='ocrx_word' id='word_1_211' title='bbox 265 3039 410 3124; x_wconf 86' lang='lat' dir='ltr'>linguam</span> <span class='ocrx_word' id='word_1_212' title='bbox 431 3039 593 3104; x_wconf 87' lang='lat' dir='ltr'>Persicam</span> <span class='ocrx_word' id='word_1_213' title='bbox 615 3039 718 3122; x_wconf 89' lang='lat' dir='ltr'>ipsum</span> <span class='ocrx_word' id='word_1_214' title='bbox 747 3038 909 3120; x_wconf 83' lang='lat' dir='ltr'>calluisse,</span> <span class='ocrx_word' id='word_1_215' title='bbox 937 3038 1041 3121; x_wconf 87' lang='lat' dir='ltr'>perito</span> <span class='ocrx_word' id='word_1_216' title='bbox 1063 3037 1132 3102; x_wconf 90' lang='lat' dir='ltr'>eius</span> <span class='ocrx_word' id='word_1_217' title='bbox 1160 3037 1218 3101; x_wconf 91' lang='lat' dir='ltr'>lin-</span> 
     </span>
     <span class='ocr_line' id='line_1_26' title="bbox 66 3145 1218 3233; baseline -0.001 -22"><span class='ocrx_word' id='word_1_218' title='bbox 66 3169 159 3233; x_wconf 87' lang='lat' dir='ltr'>guae</span> <span class='ocrx_word' id='word_1_219' title='bbox 182 3145 366 3232; x_wconf 83' lang='lat' dir='ltr'>interprete</span> <span class='ocrx_word' id='word_1_220' title='bbox 380 3171 470 3212; x_wconf 89' lang='lat' dir='ltr'>usum</span> <span class='ocrx_word' id='word_1_221' title='bbox 493 3149 559 3212; x_wconf 90' lang='lat' dir='ltr'>alii.</span> <span class='ocrx_word' id='word_1_222' title='bbox 589 3147 709 3223; x_wconf 79' lang='lat' dir='ltr'>Quibus</span> <span class='ocrx_word' id='word_1_223' title='bbox 729 3147 933 3230; x_wconf 88' lang='lat' dir='ltr'>opinionibus</span> <span class='ocrx_word' id='word_1_224' title='bbox 948 3147 1019 3212; x_wconf 90' lang='lat' dir='ltr'>vide</span> <span class='ocrx_word' id='word_1_225' title='bbox 1042 3169 1117 3210; x_wconf 89' lang='lat' dir='ltr'>mun</span> <span class='ocrx_word' id='word_1_226' title='bbox 1139 3146 1218 3210; x_wconf 87' lang='lat' dir='ltr'>haec</span> 
     </span>
     <span class='ocr_line' id='line_1_27' title="bbox 67 3257 1218 3342; baseline -0.003 -20"><span class='ocrx_word' id='word_1_227' title='bbox 67 3257 261 3322; x_wconf 88' lang='lat' dir='ltr'>coniectura</span> <span class='ocrx_word' id='word_1_228' title='bbox 284 3261 440 3342; x_wconf 88' lang='lat' dir='ltr'>praestet,</span> <span class='ocrx_word' id='word_1_229' title='bbox 462 3263 499 3322; x_wconf 88' lang='lat' dir='ltr'>ut</span> <span class='ocrx_word' id='word_1_230' title='bbox 520 3258 772 3321; x_wconf 88' lang='lat' dir='ltr'>Ptolemaeorum</span> <span class='ocrx_word' id='word_1_231' title='bbox 795 3257 921 3320; x_wconf 92' lang='lat' dir='ltr'>demum</span> <span class='ocrx_word' id='word_1_232' title='bbox 944 3257 1076 3320; x_wconf 90' lang='lat' dir='ltr'>consilio</span> <span class='ocrx_word' id='word_1_233' title='bbox 1104 3277 1218 3340; x_wconf 85' lang='lat' dir='ltr'>graece</span> 
     </span>
     <span class='ocr_line' id='line_1_28' title="bbox 67 3365 1219 3450; baseline -0.003 -19"><span class='ocrx_word' id='word_1_234' title='bbox 67 3389 232 3431; x_wconf 74' lang='lat' dir='ltr'>wnversa</span> <span class='ocrx_word' id='word_1_235' title='bbox 260 3387 328 3432; x_wconf 88' lang='lat' dir='ltr'>esse</span> <span class='ocrx_word' id='word_1_236' title='bbox 350 3367 512 3432; x_wconf 87' lang='lat' dir='ltr'>volumina</span> <span class='ocrx_word' id='word_1_237' title='bbox 540 3367 596 3431; x_wconf 90' lang='lat' dir='ltr'>illa</span> <span class='ocrx_word' id='word_1_238' title='bbox 618 3367 806 3430; x_wconf 84' lang='lat' dir='ltr'>Zoroastres</span> <span class='ocrx_word' id='word_1_239' title='bbox 833 3369 985 3450; x_wconf 89' lang='lat' dir='ltr'>putentur</span> <span class='ocrx_word' id='word_1_240' title='bbox 1013 3370 1045 3428; x_wconf 87' lang='lat' dir='ltr'>et</span> <span class='ocrx_word' id='word_1_241' title='bbox 1067 3365 1101 3428; x_wconf 87' lang='lat' dir='ltr'>in</span> <span class='ocrx_word' id='word_1_242' title='bbox 1129 3365 1219 3448; x_wconf 84' lang='lat' dir='ltr'>regia</span> 
     </span>
     <span class='ocr_line' id='line_1_29' title="bbox 68 3475 1218 3562; baseline -0.003 -21"><span class='ocrx_word' id='word_1_243' title='bbox 68 3476 273 3541; x_wconf 88' lang='lat' dir='ltr'>bibliotheca</span> <span class='ocrx_word' id='word_1_244' title='bbox 301 3477 456 3560; x_wconf 85' lang='lat' dir='ltr'>reposita,</span> <span class='ocrx_word' id='word_1_245' title='bbox 486 3481 580 3562; x_wconf 89' lang='lat' dir='ltr'>atque</span> <span class='ocrx_word' id='word_1_246' title='bbox 607 3476 683 3540; x_wconf 91' lang='lat' dir='ltr'>hinc</span> <span class='ocrx_word' id='word_1_247' title='bbox 710 3477 871 3560; x_wconf 90' lang='lat' dir='ltr'>profectus</span> <span class='ocrx_word' id='word_1_248' title='bbox 900 3475 1093 3560; x_wconf 86' lang='lat' dir='ltr'>Hermippus</span> <span class='ocrx_word' id='word_1_249' title='bbox 1126 3477 1218 3538; x_wconf 89' lang='lat' dir='ltr'>tanta</span> 
     </span>
     <span class='ocr_line' id='line_1_30' title="bbox 66 3585 1218 3670; baseline -0.002 -20"><span class='ocrx_word' id='word_1_250' title='bbox 66 3586 248 3670; x_wconf 89' lang='lat' dir='ltr'>diligentia</span> <span class='ocrx_word' id='word_1_251' title='bbox 263 3607 334 3650; x_wconf 87' lang='lat' dir='ltr'>eam</span> <span class='ocrx_word' id='word_1_252' title='bbox 355 3586 536 3650; x_wconf 88' lang='lat' dir='ltr'>doctrinam</span> <span class='ocrx_word' id='word_1_253' title='bbox 559 3586 762 3669; x_wconf 86' lang='lat' dir='ltr'>explanasse,</span> <span class='ocrx_word' id='word_1_254' title='bbox 787 3586 873 3649; x_wconf 92' lang='lat' dir='ltr'>cuius</span> <span class='ocrx_word' id='word_1_255' title='bbox 889 3589 986 3648; x_wconf 87' lang='lat' dir='ltr'>antea</span> <span class='ocrx_word' id='word_1_256' title='bbox 1002 3585 1125 3648; x_wconf 89' lang='lat' dir='ltr'>incerta</span> <span class='ocrx_word' id='word_1_257' title='bbox 1147 3587 1218 3648; x_wconf 89' lang='lat' dir='ltr'>tan-</span> 
     </span>
     <span class='ocr_line' id='line_1_31' title="bbox 66 3693 1269 3779; baseline -0.006 -21"><span class='ocrx_word' id='word_1_258' title='bbox 66 3703 143 3759; x_wconf 88' lang='lat' dir='ltr'>tum</span> <span class='ocrx_word' id='word_1_259' title='bbox 166 3695 255 3758; x_wconf 83' lang='lat' dir='ltr'>lama</span> <span class='ocrx_word' id='word_1_260' title='bbox 278 3695 424 3760; x_wconf 87' lang='lat' dir='ltr'>ferretur.</span> <span class='ocrx_word' id='word_1_261' title='bbox 460 3696 511 3760; x_wconf 88' lang='lat' dir='ltr'>Ita</span> <span class='ocrx_word' id='word_1_262' title='bbox 532 3695 610 3759; x_wconf 90' lang='lat' dir='ltr'>illud</span> <span class='ocrx_word' id='word_1_263' title='bbox 633 3696 725 3760; x_wconf 88' lang='lat' dir='ltr'>simul</span> <span class='ocrx_word' id='word_1_264' title='bbox 748 3695 960 3779; x_wconf 83' lang='lat' dir='ltr'>intellegitur,</span> <span class='ocrx_word' id='word_1_265' title='bbox 986 3716 1041 3758; x_wconf 91' lang='lat' dir='ltr'>cur</span> <span class='ocrx_word' id='word_1_266' title='bbox 1063 3717 1100 3760; x_wconf 90' lang='lat' dir='ltr'>ex</span> <span class='ocrx_word' id='word_1_267' title='bbox 1124 3693 1217 3758; x_wconf 90' lang='lat' dir='ltr'>Her-</span> <span class='ocrx_word' id='word_1_268' title='bbox 1236 3705 1269 3752; x_wconf 81' lang='lat'>43</span> 
     </span>
     <span class='ocr_line' id='line_1_32' title="bbox 67 3804 1218 3888; baseline -0.003 -19"><span class='ocrx_word' id='word_1_269' title='bbox 67 3804 199 3888; x_wconf 92' lang='lat' dir='ltr'>mippi</span> <span class='ocrx_word' id='word_1_270' title='bbox 216 3805 452 3868; x_wconf 90' lang='lat' dir='ltr'>commentariis</span> <span class='ocrx_word' id='word_1_271' title='bbox 475 3826 652 3868; x_wconf 87' lang='lat' dir='ltr'>versuum</span> <span class='ocrx_word' id='word_1_272' title='bbox 667 3805 790 3868; x_wconf 87' lang='lat' dir='ltr'>numeri</span> <span class='ocrx_word' id='word_1_273' title='bbox 813 3804 941 3887; x_wconf 88' lang='lat' dir='ltr'>petendi</span> <span class='ocrx_word' id='word_1_274' title='bbox 958 3808 1078 3868; x_wconf 87' lang='lat' dir='ltr'>essent:</span> <span class='ocrx_word' id='word_1_275' title='bbox 1102 3805 1218 3888; x_wconf 91' lang='lat' dir='ltr'>quippe</span> 
     </span>
     <span class='ocr_line' id='line_1_33' title="bbox 67 3913 1219 3998; baseline -0.001 -21"><span class='ocrx_word' id='word_1_276' title='bbox 67 3917 105 3978; x_wconf 90' lang='lat' dir='ltr'>in</span> <span class='ocrx_word' id='word_1_277' title='bbox 136 3913 329 3978; x_wconf 80' lang='lat' dir='ltr'>Callimachi</span> <span class='ocrx_word' id='word_1_278' title='bbox 357 3915 572 3998; x_wconf 89' lang='lat' dir='ltr'>praeceptoris</span> <span class='ocrx_word' id='word_1_279' title='bbox 599 3913 730 3977; x_wconf 81' lang='lat' dir='ltr'>Tabulis</span> <span class='ocrx_word' id='word_1_280' title='bbox 763 3913 904 3976; x_wconf 88' lang='lat' dir='ltr'>nondum</span> <span class='ocrx_word' id='word_1_281' title='bbox 933 3913 1123 3998; x_wconf 89' lang='lat' dir='ltr'>consignata</span> <span class='ocrx_word' id='word_1_282' title='bbox 1151 3935 1219 3976; x_wconf 88' lang='lat' dir='ltr'>esse</span> 
     </span>
     <span class='ocr_line' id='line_1_34' title="bbox 51 4021 1219 4108; baseline -0.003 -21"><span class='ocrx_word' id='word_1_283' title='bbox 51 4027 268 4108; x_wconf 83' lang='lat' dir='ltr'>potuerunt,</span> <span class='ocrx_word' id='word_1_284' title='bbox 296 4045 376 4108; x_wconf 89' lang='lat' dir='ltr'>quae</span> <span class='ocrx_word' id='word_1_285' title='bbox 406 4021 546 4086; x_wconf 92' lang='lat' dir='ltr'>nondum</span> <span class='ocrx_word' id='word_1_286' title='bbox 574 4025 707 4088; x_wconf 89' lang='lat' dir='ltr'>tractari</span> <span class='ocrx_word' id='word_1_287' title='bbox 735 4045 754 4086; x_wconf 91' lang='lat' dir='ltr'>a</span> <span class='ocrx_word' id='word_1_288' title='bbox 781 4045 897 4106; x_wconf 86' lang='lat' dir='ltr'>graeco</span> <span class='ocrx_word' id='word_1_289' title='bbox 929 4023 1056 4086; x_wconf 90' lang='lat' dir='ltr'>homine</span> <span class='ocrx_word' id='word_1_290' title='bbox 1089 4025 1219 4106; x_wconf 88' lang='lat' dir='ltr'>possent</span> 
     </span>
    </p>
   </div>
   <div class='ocr_carea' id='block_1_3' title="bbox 70 4273 1216 4438">
    <p class='ocr_par' dir='ltr' id='par_1_3' title="bbox 70 4273 1216 4438">
     <span class='ocr_line' id='line_1_35' title="bbox 141 4273 1216 4344; baseline 0.002 -16"><span class='ocrx_word' id='word_1_291' title='bbox 141 4277 169 4343; x_wconf 72' lang='lat'>⁸)</span> <span class='ocrx_word' id='word_1_292' title='bbox 189 4275 241 4344; x_wconf 76' lang='lat' dir='ltr'>[De</span> <span class='ocrx_word' id='word_1_293' title='bbox 264 4275 306 4328; x_wconf 87' lang='lat' dir='ltr'>his</span> <span class='ocrx_word' id='word_1_294' title='bbox 328 4275 390 4330; x_wconf 84' lang='lat' dir='ltr'>vide</span> <span class='ocrx_word' id='word_1_295' title='bbox 412 4275 523 4330; x_wconf 88' lang='lat' dir='ltr'>uberius</span> <span class='ocrx_word' id='word_1_296' title='bbox 547 4275 736 4344; x_wconf 87' lang='lat' dir='ltr'>disputantem</span> <span class='ocrx_word' id='word_1_297' title='bbox 759 4275 907 4330; x_wconf 84' lang='lat' dir='ltr'>Ricardum</span> <span class='ocrx_word' id='word_1_298' title='bbox 930 4274 1059 4344; x_wconf 87' lang='lat' dir='ltr'>Lepsium</span> <span class='ocrx_word' id='word_1_299' title='bbox 1083 4273 1216 4330; x_wconf 84' lang='lat' dir='ltr'>‘Chrono-</span> 
     </span>
     <span class='ocr_line' id='line_1_36' title="bbox 70 4367 1028 4438; baseline 0.001 -18"><span class='ocrx_word' id='word_1_300' title='bbox 70 4368 169 4436; x_wconf 86' lang='lat' dir='ltr'>logiae</span> <span class='ocrx_word' id='word_1_301' title='bbox 188 4367 404 4434; x_wconf 80' lang='lat' dir='ltr'>Aegyptiorum’</span> <span class='ocrx_word' id='word_1_302' title='bbox 423 4368 476 4421; x_wconf 86' lang='lat' dir='ltr'>vol.</span> <span class='ocrx_word' id='word_1_303' title='bbox 497 4368 508 4420; x_wconf 95' lang='lat' dir='ltr'>l</span> <span class='ocrx_word' id='word_1_304' title='bbox 528 4368 580 4434; x_wconf 85' lang='lat' dir='ltr'>(ed.</span> <span class='ocrx_word' id='word_1_305' title='bbox 600 4367 720 4422; x_wconf 89' lang='lat' dir='ltr'>Beroliui</span> <span class='ocrx_word' id='word_1_306' title='bbox 739 4385 763 4423; x_wconf 91' lang='lat' dir='ltr'>a.</span> <span class='ocrx_word' id='word_1_307' title='bbox 786 4373 860 4429; x_wconf 74' lang='lat' dir='ltr'>less)</span> <span class='ocrx_word' id='word_1_308' title='bbox 879 4387 905 4438; x_wconf 93' lang='lat' dir='ltr'>p.</span> <span class='ocrx_word' id='word_1_309' title='bbox 925 4375 958 4422; x_wconf 85' lang='grc'>39</span> <span class='ocrx_word' id='word_1_310' title='bbox 977 4370 1028 4438; x_wconf 75' lang='lat' dir='ltr'>sq]</span> 
     </span>
    </p>
   </div>
   <div class='ocr_carea' id='block_1_4' title="bbox 0 0 1500 5140">
    <p class='ocr_par' dir='ltr' id='par_1_4' title="bbox 0 0 1500 5140">
     <span class='ocr_line' id='line_1_37' title="bbox 0 0 1500 5140; baseline 0 0"><span class='ocrx_word' id='word_1_311' title='bbox 0 0 1500 5140; x_wconf 95' lang='lat' dir='ltr'> </span> 
     </span>
    </p>
   </div>
  </div>
 </body>
</html>
