2982 5146
266 335 325 399 138
566 351 814 398 eononnnurvn
839 349 1105 398 orsevrnrronrs

265 505 406 568 nninnnn
435 506 573 568 adverte.
619 503 704 566 Nam
733 506 873 566 tractato
902 507 934 566 et
962 508 1111 585 excerpta
1139 527 1157 566 a
1186 501 1303 567 Tzetza
1333 505 1399 585 ipsa

264 616 386 679 scholia
415 615 613 698 Dionysiana
642 637 726 696 esse,
760 613 950 678 documento
980 617 1028 676 est
1055 635 1175 698 magna
1207 635 1289 697 quae
1319 614 1401 675 inter

265 726 349 788 illius
387 725 508 789 iambos
545 727 617 804 περὶ
653 729 812 806 διαφορᾶς
849 728 991 802 ποιητῶν
1028 723 1162 806 scriptos
1199 727 1232 786 et
1266 723 1400 786 Bekkeri

267 835 431 899 anecdota
460 859 491 918 p.
522 836 583 898 749
612 834 785 898 similitudo
814 834 992 898 intercedit.
1049 833 1098 898 of.
1127 834 1209 897 Mus.
1240 833 1344 897 Rhen.
1374 833 1401 894 V

264 969 295 1028 p.
325 948 397 1011 337.
449 945 587 1009 Rursum
616 949 737 1028 autem,
768 968 840 1008 eum
869 945 997 1028 abhis,
1032 966 1112 1028 quem
1139 945 1293 1028 leguntur
1319 944 1401 1026 apud

266 1057 444 1120 Bekhernm
467 1080 498 1138 p.
524 1057 601 1137 747,
633 1056 860 1138 propemodum
889 1078 954 1119 non
982 1055 1132 1119 differant
1158 1077 1239 1138 qnae
1272 1055 1306 1118 in
1333 1054 1403 1136 ipso

264 1167 355 1230 init-io
372 1167 483 1248 nuperi
505 1167 680 1232 ἀνεκδότου
696 1167 834 1229 Parisini
856 1166 1047 1248 prochmtm,
1069 1165 1217 1248 numquis
1245 1164 1402 1228 dubitabit

264 1278 340 1359 quin
368 1281 401 1339 et
427 1277 506 1340 haec
536 1277 624 1340 illinc
653 1277 718 1339 sint
747 1277 864 1360 petita,
895 1281 927 1340 et
955 1277 1142 1359 praecipuus
1169 1275 1304 1338 Taetzae
1331 1275 1403 1337 fons

264 1387 384 1450 scholia
407 1387 603 1470 Dionysiana
626 1388 761 1468 fuerint,
787 1392 820 1450 et
841 1388 1022 1451 universum
1045 1386 1122 1449 illud
1145 1388 1217 1464 περὶ
1237 1385 1401 1467 κωμῳδία(

265 1499 481 1581 fragmentum
504 1492 724 1560 Parisinume
747 1498 881 1561 Tuetzae
911 1498 944 1560 iu
974 1496 1222 1580 Aristophanem
1253 1495 1401 1578 Prolego

265 1609 365 1672 menis
388 1613 571 1691 excerptum
594 1609 659 1672 sit?

798 1852 817 1922 ‚s
840 1851 870 1908 o.

266 1990 318 2052 lle
356 1991 571 2068 Zenodoto,
617 1990 845 2053 Alexandro
890 1990 1031 2052 nonno
1068 1994 1106 2051 et.
1144 1987 1401 2070 Lycophronc

699 2101 968 2164 Chalcidensi.

218 2290 248 2336 13
347 2271 569 2354 Progredinnu·
581 2271 618 2334 ad
630 2271 757 2354 singula
770 2270 949 2332 iudicmrda.
972 2272 1110 2343 Quorum
1122 2269 1183 2332 duo
1194 2268 1400 2351 potissimmn,

266 2405 345 2464 quem
377 2406 393 2444 e
422 2382 541 2445 scholio
573 2382 719 2444 Plautino
750 2380 977 2462 didiceramus,
1011 2379 1115 2463 magis
1143 2379 1239 2442 etiam
1271 2379 1401 2460 repertis

267 2491 398 2554 Graecis
433 2495 679 2555 corifirmantur:
717 2513 796 2574 qum
831 2491 956 2574 quidem
990 2493 1138 2572 spectant
1176 2489 1215 2551 ad
1253 2488 1399 2552 librormn

267 2602 502 2664 multitiulinem
530 2603 563 2664 in
599 2602 799 2665 bibliothecis
828 2600 1056 2663 Alexandrinis
1086 2599 1335 2680 reconditorum,
1372 2605 1399 2660 el

267 2711 306 2774 ad
324 2713 466 2774 carmina
483 2712 653 2776 Homerica
668 2712 828 2774 Pisistrati
844 2715 950 2774 aetate
966 2712 1007 2774 ab
1023 2710 1240 2792 Ornnnacrih),
1266 2708 1399 2791 Orpheo,

267 2822 390 2905 Zopyro
407 2826 438 2886 et·
460 2826 573 2906 cyneirto
595 2823 731 2906 (piculam
753 2822 881 2885 homine
904 2821 997 2884 docto
1020 2821 1183 2902 dispositu.
1224 2820 1342 2885 Contra
1365 2819 1400 2880 dc

266 2934 367 2996 tribus
391 2934 461 2997 aliis
484 2935 577 2996 rebus
600 2933 765 2996 t‘uteinlum
789 2937 835 2995 est
859 2932 943 2994 haud
963 2931 1152 2994 mediocrem
1174 2953 1261 2992 nnnc
1282 2929 1400 2991 dubita-

266 3045 385 3106 tionem
401 3045 505 3107 nasci:
529 3067 661 3127 qumnm
684 3042 873 3127 gravissimu
897 3043 951 3104 illa
968 3047 1031 3122 est,
1056 3063 1135 3124 (puae
1159 3039 1228 3123 ipso
1248 3039 1400 3124 principio

266 3154 378 3216 horum
414 3155 668 3236 fragmentorum
707 3156 979 3217 commemoratur.
1039 3151 1088 3214 lbi
1126 3151 1211 3213 enim
1251 3171 1329 3232 quae
1364 3148 1399 3210 dc

270 3263 467 3346 hhxmulro,
499 3264 719 3348 lymphante,
751 3263 911 3326 Zenodoto
934 3263 1053 3326 latinus
1075 3262 1234 3343 interpres
1262 3259 1397 3331 tradidit,

267 3396 336 3436 cnm
360 3374 400 3437 ad
425 3376 598 3458 composita
622 3375 655 3436 in
678 3397 799 3457 (pioque
822 3395 940 3457 genere
968 3376 1134 3455 poetarum
1157 3393 1289 3454 corpora
1311 3391 1398 3452 quae-

266 3484 339 3547 dam
362 3486 433 3566 alii,
465 3485 505 3547 ud
528 3485 669 3567 digestas
692 3485 836 3566 iustoque
859 3484 969 3547 ordine
997 3483 1167 3565 dispositas
1194 3480 1399 3544 bibliothecae

268 3595 374 3675 copias
390 3617 453 3657 non
476 3595 544 3656 sine
562 3595 656 3657 certis
677 3595 874 3676 diminuentis
898 3617 955 3656 nos
978 3593 1208 3657 rettulissemus
1232 3614 1262 3673 p.
1282 3593 1328 3653 11.
1348 3591 1398 3652 ll:

267 3702 385 3784 prodiit
414 3726 498 3767 mmc
527 3705 553 3766 is
582 3705 733 3786 scriptor,
764 3705 817 3787 qui
845 3705 971 3767 illorum
999 3709 1162 3784 neutrmn‚
1193 3701 1248 3764 sed
1276 3700 1398 3764 tertium

267 3813 416 3896 quiddmn
443 3836 549 3877 nuans
582 3814 739 3878 diversum
772 3817 918 3877 testatur.
975 3815 1005 3877 ls
1037 3815 1122 3877 enim
1150 3837 1168 3876 a
1197 3811 1400 3896 Lycophrona

268 3925 388 3987 comico
410 3927 504 4006 poeta
533 3924 630 3987 lituos
655 3925 805 4006 comicos,
836 3924 977 4008 tragicos
1001 3925 1041 3986 nh
1064 3924 1187 4007 tragico
1210 3920 1400 3997 Alexandro,

268 4036 407 4118 ymeticos
430 4038 536 4097 autern
559 4035 590 4098 h.
616 4058 642 4098 e.
668 4041 722 4097 ruit
745 4035 851 4116 epicos
876 4036 930 4110 (cf.
949 4034 990 4096 ab
1013 4033 1220 4097 t).hlnelle1·o
1243 4031 1401 4113 disputata

267 4145 299 4206 in
324 4146 404 4207 Mus.
429 4144 490 4208 Rh.
516 4144 545 4208 V
568 4168 599 4228 p.
623 4146 695 4226 nlo,
726 4145 806 4208 adde
833 4145 938 4207 Tacta.
969 4143 1003 4206 in
1027 4142 1182 4226 Lycophr.
1212 4166 1242 4225 p.
1272 4142 1334 4204 ‘249
1356 4164 1401 4223 sq.

267 4237 324 4318 rhu
347 4258 412 4318 κατ’
434 4257 550 4334 ἐξοχὴν
579 4257 627 4319 καὶ
651 4257 919 4335 ἀπροεδιορίετω(
946 4255 1123 4332 λεγόμενον
1147 4254 1296 4331 ποιητήν,
1331 4251 1406 4314 item

268 4365 301 4426 in
329 4363 432 4428 (iram.
464 4366 586 4428 Anecd.
622 4369 680 4428 ox.
713 4365 758 4427 lll
793 4388 824 4446 p.
860 4366 938 4444 334,
977 4365 1024 4426 lt.
1057 4363 1136 4439 339,
1173 4363 1213 4425 27
1241 4363 1406 4440 ποιητικὸν
