2942 5134
378 355 415 402 ru
437 353 610 404 nascerer
632 353 884 404 Paoanrnavu.
1140 335 1204 400 389

78 509 159 573 Prius
185 507 263 572 illud
290 529 356 572 non
384 511 491 591 potest
519 528 587 572 esse
609 507 798 590 simpliciter
819 511 863 570 ad
886 509 1012 570 Tartari
1028 509 1203 588 profunda:

77 641 145 682 nam
163 617 367 682 Homericum
389 616 468 682 illud
491 617 576 700 ἀμφ’
597 617 659 682 ἅλα
674 617 759 682 {tear
781 616 938 696 Ἀχαιούς,
960 615 1042 699 quod
1066 614 1112 678 sic
1133 635 1201 678 esse

76 730 251 812 usurpatum
274 727 410 811 videtur,
433 749 468 792 re
488 749 563 792 vera
586 727 706 790 dictum
728 728 778 790 eet
799 725 860 806 ita,
889 729 926 788 ut
948 731 990 788 ad
1011 731 1095 802 litua,
1120 723 1203 808 quod

76 843 119 902 est
143 845 227 904 circa
253 859 352 916 mare,
387 837 523 922 propelli
558 835 673 900 Achivi
702 836 899 920 cogitentur:
936 833 975 897 de
1003 833 1203 918 marginibus

76 951 172 1012 autem
187 948 315 1012 Tartari
337 947 444 1011 aliena
466 947 589 1011 abhoc
611 947 681 1011 loco
705 945 858 1029 cogitatio
881 947 939 1008 est.
983 942 1095 1027 Neque
1117 965 1201 1026 vero,

76 1058 122 1121 ubi
143 1079 213 1122 cum
240 1057 392 1141 genetivo
415 1057 495 1140 ἀμφί
529 1056 679 1138 struitur,
714 1055 750 1120 in
782 1055 879 1118 aliam
911 1055 1036 1136 partem
1069 1075 1202 1136 usquam

75 1167 166 1250 valet,
200 1167 264 1233 nisi
296 1171 332 1232 ut
360 1168 521 1232 translata
554 1165 791 1250 significatione
819 1165 861 1230 sit
897 1185 1011 1242 coccea.
1057 1162 1141 1227 Nam
1168 1163 1203 1226 in

75 1276 243 1342 Homericis
276 1277 386 1342 Iliadis
414 1277 508 1360 XVI,
542 1278 605 1342 825
633 1277 790 1357 μάχεεθον
812 1275 946 1340 πίδακα(
978 1273 1062 1354 ἀμφ’
1094 1274 1203 1353 ὀλίγη(

74 1387 255 1452 tantumdem
278 1391 326 1452 est
348 1410 386 1452 ac
409 1393 447 1452 de
464 1392 570 1465 sonte,
600 1397 732 1469 propter
757 1389 873 1463 fontem
900 1389 1132 1462 contenderunt,
1168 1386 1203 1446 ut

73 1497 244 1580 potirentur
271 1519 324 1581 eo,
359 1519 426 1562 non
447 1505 562 1562 circaea
580 1499 711 1574 sontem,
746 1518 840 1580 quam
868 1494 902 1558 in
924 1496 1050 1578 partem
1071 1492 1203 1557 Vossius

74 1607 169 1670 vertit.
215 1607 287 1672 Nisi
314 1607 415 1693 igitur
441 1607 510 1672 sine
538 1606 684 1688 exemplo
705 1605 791 1670 voles
814 1604 867 1670 hic
889 1604 1009 1668 dietum
1032 1623 1100 1668 esse
1122 1603 1202 1683 ἀμφὶ

73 1717 240 1798 Ταρτάρου,
265 1717 487 1803 corrigendum
503 1720 551 1780 est
565 1717 704 1798 κνεφαῖά
725 1717 758 1780 τ’
779 1715 878 1798 ἀμφὶ
892 1715 1099 1795 Τάρταρον
1123 1713 1201 1793 βάθη

72 1825 100 1888 h.
121 1847 147 1891 e.
170 1833 203 1892 in
228 1833 362 1892 Tartaro
383 1834 585 1892 circumiret:
607 1826 658 1890 vel
681 1847 742 1906 per
766 1829 943 1906 Tartarum,
966 1827 1002 1888 ut
1024 1823 1104 1906 ἀμφὶ
1126 1822 1202 1887 dero

71 1935 172 2002 Iliadis
196 1937 253 2020 XI,
278 1937 340 2002 706
365 1945 396 2002 ia
418 1943 492 2002 urbe
512 1944 543 2002 in
565 1957 666 2000 omnes
684 1947 798 2015 partes.

147 2046 187 2112 V.
217 2047 295 2112 1059
322 2050 358 2111 ut
385 2049 454 2111 arte
478 2050 510 2110 et
531 2045 657 2110 ratione
680 2045 879 2128 emendetur,
912 2044 953 2108 ab
982 2043 1026 2108 eis
1048 2042 1202 2106 librorum

71 2157 229 2241 scripturis
252 2157 516 2240 proficiscendum
539 2159 603 2239 est,
638 2177 734 2240 quae,
770 2155 924 2239 quoniam
950 2153 1141 2218 relicuarum
1164 2174 1202 2216 ex

70 2265 126 2330 illis
147 2266 240 2352 origo
261 2269 367 2351 patet,
397 2266 600 2332 fundamenti
622 2266 692 2331 loco
714 2269 791 2329 sunt
811 2263 987 2328 habendae.
1032 2261 1100 2326 Eae
1122 2261 1203 2327 haec

70 2379 151 2440 sunt:
178 2378 207 2443 εἰ
229 2379 263 2442 δ’
285 2377 400 2457 εὐτυχῆ
423 2380 456 2440 et
482 2377 509 2442 εἰ
530 2377 605 2442 τάδ’
627 2376 750 2456 εὐτυχῆ.
796 2373 958 2438 Gliscente
986 2373 1113 2437 demum
1136 2393 1201 2436 cor-

70 2486 187 2568 ruptela
209 2487 372 2552 oriebatur
393 2489 497 2566 τοῦδ’,
520 2487 654 2566 εὐτυχεῖ,
678 2485 786 2565 ἀτυχῆ.
816 2483 864 2547 De
882 2483 995 2567 quibus
1012 2486 1119 2546 autem
1140 2482 1201 2565 syl-

70 2594 144 2659 labis
166 2597 256 2661 libris
279 2597 429 2662 convenit
450 2599 578 2660 tantum
599 2617 665 2659 non
687 2594 844 2676 omnibus,
868 2594 900 2656 h.
918 2615 944 2656 e.
967 2597 1036 2674 αχῆ,
1060 2613 1116 2656 eac
1138 2613 1201 2655 ser-

69 2706 186 2772 uandae
208 2711 285 2772 sunt
306 2707 478 2772 tenaciter:
515 2706 635 2770 relicua
662 2703 873 2768 instauranda
892 2702 929 2798 in
950 2701 1036 2766 hunc
1057 2701 1201 2766 modum:

254 2860 309 2925 ἔτι
332 2861 373 2927 δὲ
395 2860 496 2942 ψυχή
519 2881 555 2924 τι
578 2861 678 2941 χαλᾷ
700 2859 859 2937 μανιῶν.

69 3013 145 3094 χαλᾷ
165 3011 267 3075 futuri
288 3011 392 3076 forma
415 3014 479 3075 est:
511 3010 675 3074 sententia
696 3011 803 3072 autem
825 3007 938 3072 horum
960 3005 1054 3070 simul
1077 3009 1110 3069 et
1131 3026 1201 3089 pro-

69 3120 220 3188 ximorum
242 3120 337 3185 haee:

254 3263 391 3322 Vorstttz’
414 3261 480 3321 und
500 3261 610 3322 Redcn
632 3259 821 3339 unsinnigen
843 3259 938 3318 Hirns

254 3363 339 3423 kann
361 3363 459 3422 lidron
481 3383 552 3422 man
574 3361 654 3420 wohl
676 3361 708 3418 in
730 3361 891 3420 solcherlei
913 3358 986 3418 Art:

255 3465 338 3524 dean
360 3484 422 3524 was
445 3464 523 3523 fehlt
551 3463 613 3523 ihm
635 3483 687 3522 um
708 3463 793 3522 nicht
814 3459 1010 3539 wahnwitaig
1030 3479 1069 3518 zu
1090 3457 1180 3518 sein?

254 3565 344 3624 Doch
366 3585 398 3625 cs
420 3565 497 3625 wird
520 3565 702 3624 nachlassen
725 3585 786 3622 von
809 3562 905 3622 Wnth
927 3562 1006 3620 noch
1030 3561 1084 3620 das
1106 3559 1201 3619 Hera.

67 3693 113 3758 Er
129 3697 217 3776 ψυχή
240 3699 290 3759 sat
313 3698 439 3760 constat
460 3694 615 3779 quomodo
636 3695 760 3758 factum
780 3699 858 3773 τὐχῖχ
882 3691 938 3756 sit:
961 3691 1025 3756 sid.
1041 3689 1140 3754 Porso
1161 3689 1201 3754 ad

67 3801 147 3868 Med.
171 3806 251 3870 553:
287 3827 348 3870 nec
375 3805 496 3869 relicua
524 3805 637 3888 quibus
659 3803 761 3868 modis
789 3802 894 3868 varias
921 3800 956 3866 in
983 3805 1091 3884 partes
1112 3799 1202 3884 paul-

67 3913 155 3978 latim
176 3914 246 3978 sint
265 3918 424 3998 conupta,
448 3917 555 3997 potest
576 3914 723 3999 cuiquem
743 3935 812 3978 esse
832 3913 1010 3977 obscurum.
1045 3911 1106 3975 -ἔτι
1130 3930 1202 3992 par-

67 4022 162 4088 ticula
185 4023 444 4096 eadem,ratione
466 4023 668 4107 accipienda,
691 4046 754 4108 qua
775 4045 805 4087 ν.
830 4023 891 4088 909
913 4021 932 4102 ἠ
955 4025 1015 4103 μὴν
1044 4022 1090 4085 ἔτι
1118 4019 1201 4084 Ζεύε

67 4153 91 4196 e.
108 4155 138 4216 q.
155 4156 181 4197 s.
198 4171 241 4183 —-
262 4133 353 4210 Quod
375 4137 482 4198 autem
503 4134 621 4198 attinet
643 4133 684 4198 ad
705 4133 856 4198 Porsonis
877 4132 1054 4212 inventum,
1078 4128 1105 4193 sl
1126 4129 1201 4208 μηδ’

67 4242 193 4323 ἀτυχῶν
215 4281 266 4328 —,
302 4244 335 4308 id
367 4243 493 4329 quidem
525 4265 591 4308 non
619 4265 683 4308 uno
713 4246 903 4329 argumento
932 4239 1062 4324 coargui
1083 4239 1199 4322 potest.

67 4349 132 4416 Nec
165 4353 253 4420 enim
284 4354 363 4418 satis
395 4355 491 4436 plena
524 4354 761 4440 comparatione
794 4351 989 4420 diversitatis
1026 4349 1202 4436 scripturae
