2990 5140
263 288 325 349 212
611 301 767 348 1111111
791 301 1052 348 rnormconaun

263 478 313 518 res
341 459 424 537 erat,
455 455 603 517 Tzetzam
631 455 777 517 omnibus
807 453 1032 536 Aristophanis
1055 453 1171 516 sabulis
1194 475 1330 536 operam
1358 456 1410 517 de·

263 565 346 628 disse
374 564 521 647 negavit,
551 563 591 626 ad
620 563 720 626 solam
743 563 872 625 Plutum
899 563 992 625 huius
1016 562 1131 626 codicis
1159 562 1411 645 inscriptionem

263 677 436 738 revocaret.
475 673 571 736 Hunc
586 678 693 736 autem
709 671 934 754 Aristophanis
951 675 1231 736 commentatorem
1248 672 1412 735 Ioannem

262 785 376 866 fuisse,
400 783 551 866 quoniam
572 783 703 845 fuerunt
724 782 777 864 qui
793 782 832 844 de
848 782 958 845 Isaaco
978 783 1079 845 fratre
1096 783 1293 866 cogitarent,
1321 805 1413 846 nunc

264 894 334 976 ipsa
356 894 428 974 illa,
452 915 533 976 quae
555 892 787 954 dubitationem
809 891 967 971 moverat,
992 896 1030 954 de
1053 891 1183 954 Homeri
1208 892 1413 955 carminibis

264 1003 383 1066 fabella
406 1003 447 1065 ab
469 1002 590 1065 Ioanne
613 1002 647 1063 in
670 1001 807 1085 Exegesi
831 1001 940 1064 Iliadis
963 1024 994 1084 p.
1014 1002 1056 1065 45
1079 1005 1109 1063 et
1134 1001 1194 1066 125
1217 1001 1267 1064 cd.
1292 1001 1413 1065 Herm.

264 1113 406 1195 prolata,
431 1113 483 1174 hic
500 1133 573 1174 vero
590 1111 600 1192 (
604 1135 634 1193 p.
655 1113 724 1191 116,
741 1112 761 1174 11
778 1112 821 1174 ihc
838 1111 906 1191 ἄρτι
923 1112 1002 1175 ποτέ
1019 1113 1094 1196 etc.)
1111 1111 1152 1173 ab
1174 1111 1243 1193 ipso
1261 1120 1413 1174 correcta

265 1223 418 1284 firmatur.
465 1221 611 1285 (letenmr
641 1221 679 1282 de
708 1221 784 1302 ipsis
815 1221 943 1283 scholiis
966 1221 1141 1283 rectissime
1164 1219 1322 1283 iudicavit
1347 1221 1415 1283 Ku-

265 1335 382 1412 stema,
406 1353 443 1393 en
466 1337 596 1408 quaein
621 1337 657 1393 iis
678 1337 851 1406 lacerentur
872 1337 1006 1393 monimo
1029 1337 1230 1407 expertein
1253 1337 1350 1393 editis
1374 1337 1418 1394 od

265 1446 494 1520 Aristophanem
517 1445 636 1503 scholiis
652 1435 797 1514 αὐτολεξεὶ
820 1462 937 1518 quoqne
959 1461 1129 1503 occurrere,
1174 1439 1258 1502 Nam
1281 1440 1307 1503 11
1337 1463 1416 1504 eon-

264 1551 346 1614 vicia
375 1550 529 1633 quaedam
559 1553 591 1612 et
618 1571 717 1612 vanas
746 1550 951 1631 iactationes,
985 1549 1097 1632 quibus
1126 1550 1256 1633 egregie
1284 1549 1414 1633 gaudet

265 1659 480 1742 ineptissimus
496 1661 599 1740 homo,
617 1660 799 1740 resecueiis,
816 1659 862 1721 ita
874 1659 1004 1722 omnino
1017 1681 1087 1720 911111
1099 1658 1227 1721 scholiis
1239 1657 1416 1722 aKustero

265 1769 358 1831 editis
383 1769 587 1831 consentiunt
609 1769 840 1849 Ambrosiana,
869 1772 905 1830 ut
932 1790 1049 1850 pauca,
1080 1789 1160 1850 quac
1182 1768 1256 1830 novi
1284 1769 1415 1852 aliquid

266 1878 468 1958 contineant,
502 1878 694 1960 invenerim,
730 1879 924 1960 antiquiores
959 1883 1065 1940 autern
1099 1881 1242 1940 auctores
1277 1879 1418 1959 praeter

267 1991 411 2049 veterum
435 1991 735 2059 commentatorum,
760 1988 812 2070 qui
836 1989 866 2051 ot
888 1990 1018 2051 παλαιοὶ
1046 1988 1278 2066 (χολιογρὰφοι
1300 1989 1358 2050 vel
1387 1991 1417 2052 οἱ

266 2097 395 2160 παλαιοί
410 2096 471 2158 dici
488 2097 606 2177 solent,
626 2097 786 2159 rarissime
803 2097 834 2159 iu
852 2097 1004 2160 auxilium
1020 2097 1123 2158 vocati
1139 2118 1207 2159 9119
1223 2096 1415 2160 videantur.

350 2205 411 2269 sed
434 2209 469 2268 ut
492 2205 579 2268 adid
602 2206 683 2288 quod
707 2207 904 2288 propositum
921 2211 969 2269 est
984 2206 1125 2288 redeam,
1149 2205 1211 2268 duo
1231 2205 1323 2269 vides
1343 2229 1418 2268 9119

266 2315 442 2398 prooemia,
467 2337 547 2399 quae
571 2337 641 2377 cum
657 2337 722 2377 non
744 2318 809 2377 tam
831 2337 866 2378 re
894 2338 988 2397 quam
1009 2316 1112 2378 verbis
1134 2314 1270 2397 distent,
1295 2323 1418 2380 tamen

266 2425 317 2486 vix
334 2447 458 2506 vereor,
484 2447 524 2486 119
547 2425 616 2507 quis
633 2447 670 2486 91
686 2447 749 2486 uno
765 2424 900 2487 Tzetzae
920 2425 1079 2507 prooemio
1095 2425 1229 2487 alterum
1245 2425 1287 2488 ab
1303 2427 1419 2490 altero

267 2535 393 2597 homine
416 2534 539 2595 diverso
562 2533 654 2595 modo
678 2535 918 2614 concinnatum,
950 2538 982 2596 91
1004 2557 1023 2596 a
1050 2535 1145 2597 tertio
1168 2535 1324 2617 quodam,
1360 2540 1417 2620 qui

267 2642 429 2704 nonnihil
459 2642 611 2704 1111919119
641 2644 724 2705 iuter
746 2644 883 2725 priorem
907 2649 938 2706 et
960 2643 1131 2707 secundam
1153 2645 1289 2707 formam
1311 2646 1416 2710 intel-

266 2752 410 2832 lexisset,
430 2756 596 2834 utrumque
613 2753 807 2815 coniunctim
823 2754 960 2835 positum
978 2775 1045 2815 esse
1061 2754 1229 2817 existimet.
1261 2754 1415 2819 Primum

266 2861 352 2924 9111111
367 2867 433 2924 tam
449 2862 623 2944 germinum
641 2862 803 2925 Taetaiani
820 2864 974 2926 sermonis
991 2864 1126 2926 colorem
1143 2886 1219 2946 prae
1234 2886 1268 2926 se
1283 2865 1415 2934 ferunt,

267 2975 301 3031 ut
324 2971 523 3052 excerpentis
547 2994 584 3033 cx
601 2972 778 3054 antiquiore
796 2973 1023 3036 commentario
1043 2996 1189 3054 manum,
1213 2997 1275 3056 qua
1291 2976 1415 3042 multa.

267 3079 352 3140 velut
369 3101 405 3140 ea
421 3101 501 3160 quac
517 3080 555 3142 de
571 3081 754 3143 Aiistotelis
770 3081 932 3163 discipulis
954 3083 1053 3165 deque
1068 3082 1241 3145 Heliodoro
1256 3088 1288 3146 et
1304 3087 1415 3168 tragi-

268 3208 376 3248 corum
403 3192 567 3268 poetarum
598 3190 825 3271 interpretibus
852 3192 971 3274 scripta
999 3195 1074 3253 sunt
1096 3196 1128 3253 et
1150 3191 1270 3255 scholia
1294 3193 1414 3277 inepta

268 3297 301 3358 in
329 3295 453 3378 ineptos
483 3298 580 3379 ipsius
609 3301 746 3362 auctoris
776 3301 945 3363 versiculos
974 3302 1164 3383 composita,
1200 3306 1255 3364 aut
1288 3307 1412 3365 omissa

267 3427 334 3468 9119
363 3409 418 3468 aut
445 3411 569 3469 nudata
598 3410 830 3490 expectaveris,
862 3411 1048 3472 alterutrum
1076 3433 1205 3492 passum
1234 3433 1302 3474 esse
1326 3414 1411 3475 milri

267 3536 330 3577 non
355 3515 472 3596 possim
494 3518 693 3598 persuadere.
739 3517 862 3581 Deinde
885 3519 919 3581 in
942 3542 1064 3582 summa
1088 3521 1269 3604 argumenti
1294 3521 1409 3585 simili-

266 3623 375 3685 tudiue
398 3647 463 3686 nou
486 3626 585 3688 solum
609 3627 763 3709 quaedam
786 3631 952 3710 utrmuquc
981 3630 1041 3691 sibi
1069 3631 1198 3712 propria
1226 3629 1341 3709 habet,
1375 3649 1409 3694 ut

267 3732 298 3792 in
324 3732 423 3794 altero
440 3739 487 3795 911
509 3737 790 3816 grmrnnaticorum
811 3737 1012 3819 antiquorum
1028 3739 1179 3801 memoria
1203 3743 1235 3802 et
1256 3739 1295 3801 de
1311 3738 1409 3803 Susa-

202 3841 558 3924 11411111191111111111111,
587 3845 619 3906 in
644 3846 804 3908 alterode
827 3849 1004 3928 satyrorum
1032 3848 1142 3910 fabula
1170 3853 1202 3911 et
1229 3849 1409 3912 descensu

268 3951 464 4014 ornamentis
480 3952 669 4034 disputatio,
695 3955 747 4016 sed
765 3957 861 4017 etiarn
877 3956 910 4018 iu
927 3957 964 4018 iis
988 3979 1067 4039 quae
1084 3958 1207 4040 utrique
1225 3961 1407 4022 communia

267 4065 341 4121 suut
363 4065 455 4122 tanta
479 4064 644 4126 verborum
667 4064 834 4126 diversitas
858 4069 921 4146 est,
948 4067 1088 4129 velutin
1117 4067 1185 4148 ipso
1208 4069 1337 4130 exordio
1367 4070 1406 4132 de

269 4167 520 4233 Ptolemaeorum
549 4172 757 4256 bibliotheca,
793 4177 828 4236 ut
856 4175 935 4237 haec
964 4176 1071 4238 onmia
1102 4199 1139 4238 91
1171 4199 1234 4238 uno
1268 4178 1410 4260 quodam

268 4280 495 4340 domnamaria
518 4279 652 4343 deductu
676 4304 743 4344 esse
767 4284 897 4346 minime
921 4285 1084 4366 probabile
1107 4287 1159 4349 sit.
1202 4291 1271 4360 Quo
1295 4289 1348 4374 fit,
1374 4297 1409 4356 111
