3052 5136
317 331 378 395 718
710 347 870 397 sosanna
894 347 1065 395 cnrrrcas.

316 503 432 564 mater:
461 499 531 582 quis
553 501 684 563 tandem
707 504 806 584 negat
828 500 987 564 diversum
1009 522 1077 563 esse
1099 503 1204 564 terrae
1227 504 1318 584 atque
1338 501 1426 564 mulie-

317 611 359 672 ris
388 609 577 673 interitum?
621 608 708 684 Quae
736 612 761 673 si
792 611 841 674 eui
869 611 1061 674 videbuntur
1090 612 1234 695 argutius
1261 634 1324 674 esse
1345 612 1427 694 dispu-

316 724 385 783 tata
418 743 512 802 quam
547 719 665 803 verius,
702 720 787 783 aliud
823 720 980 803 quoddam
1013 724 1236 805 argumentum
1271 743 1427 805 expromam

317 830 465 913 posthac,
496 853 534 892 ex
561 831 630 913 ipso
659 831 758 892 animi
787 853 880 894 sensu
906 831 1094 895 Tecmessae
1121 833 1274 915 petitum,
1302 831 1429 916 quodad

317 941 554 1022 persuasionem
578 943 758 1023 appositum
786 943 834 1002 est
856 941 1021 1023 imprimis.
1067 941 1200 1006 Prorsus
1224 946 1329 1006 mrtem
1349 943 1428 1004 inere-

317 1051 413 1113 dibile
441 1055 490 1113 est
517 1051 575 1112 tris
604 1050 682 1113 adeo
711 1051 949 1114 commemorari
977 1053 1105 1133 μοίραε,
1141 1053 1175 1114 in
1203 1075 1267 1135 qua
1295 1052 1428 1114 sententia

317 1161 487 1242 aliquando
508 1161 571 1223 fuit
594 1159 813 1240 Hermannus3
837 1160 911 1244 quid
934 1162 1019 1224 enim
1041 1161 1172 1224 tandem
1195 1183 1324 1224 caussae
1344 1161 1428 1229 fuerit.

318 1293 372 1332 eur
394 1271 456 1333 tria
479 1293 578 1353 eaque
601 1270 725 1333 diversa
748 1271 808 1333 fati
831 1292 950 1354 genera
965 1271 1096 1334 finxerit
1117 1276 1222 1354 poeta,
1247 1293 1326 1355 quae
1346 1271 1428 1354 qualia

318 1385 425 1444 esseut
453 1403 518 1444 non
547 1380 742 1463 exponeret?
768 1419 810 1428 —-
838 1379 941 1444 Huius
969 1382 1068 1465 igitur
1095 1381 1428 1453 veritatemratioeiua·

317 1491 413 1554 tionis
438 1513 509 1554 cum
531 1490 641 1554 Reisi
649 1491 713 1574 gio
736 1491 811 1553 olim
834 1491 1078 1573 persuasissem,
1102 1491 1212 1554 statim
1235 1491 1306 1572 ille,
1328 1497 1360 1553 ut
1378 1495 1428 1552 erat

317 1601 356 1663 acl
372 1601 596 1664 invenieudmn
621 1600 886 1684 promptissimus,
910 1601 1081 1684 reprobata
1098 1623 1169 1664 mea
1191 1601 1327 1684 quadani
1347 1621 1428 1663 emea-

317 1711 446 1773 datioue
468 1711 514 1773 sic
538 1732 605 1773 esse
629 1711 831 1773 scribendum
854 1712 1090 1794 pronuntiavit:

469 1916 474 1926 .
499 1915 504 1926 .
528 1915 534 1925 .
559 1866 593 1926 (ὺ
616 1867 677 1943 γάρ
700 1885 752 1940 μοι
775 1864 902 1943 πατρίδ’
925 1866 1065 1946 permeat
1087 1865 1173 1946 δορί,

468 1977 518 2036 καὶ
541 1975 653 2052 μητέρ’
675 1973 772 2056 ἄλλῃ
794 1976 889 2052 μοῖρα
911 1975 969 2038 τὸν
991 1974 1139 2054 φύεαντά
1161 1995 1195 2038 τε

467 2087 611 2147 καθεῖλεν
634 2105 660 2145 e.
686 2105 715 2164 q.
743 2083 808 2166 s.*)

316 2238 354 2299 τὲ
385 2236 469 2297 enim
499 2257 516 2296 a
545 2235 703 2297 Lobeckio
733 2235 949 2317 excogitatum
977 2235 1106 2318 egregie
1136 2235 1332 2298 confirmarit
1356 2233 1426 2296 mrim

318 2346 390 2408 libri
421 2345 626 2408 Laurentiani
657 2344 810 2407 memoria
841 2342 948 2429 [immo
955 2396 964 2426 ‚
991 2348 1027 2407 ut
1055 2367 1141 2408 nunc
1171 2348 1309 2427 constat,
1337 2343 1426 2405 utrius-

267 2472 298 2518 24
317 2455 400 2542 que].
446 2455 557 2538 Itaque
579 2453 639 2517 hoc
662 2453 741 2517 dicit
763 2453 945 2517 Tecmessa:
975 2467 1008 2518 tu
1022 2459 1097 2518 milri
1111 2461 1250 2534 patrium
1264 2460 1346 2518 kustu
1365 2473 1426 2515 aar·

318 2574 394 2645 listi,
425 2587 482 2644 pato
507 2569 625 2641 saelum
653 2577 696 2627 est
723 2577 756 2628 ar
768 2621 771 2628 .
785 2575 813 2626 et
835 2571 941 2642 maeri,
971 2571 1084 2644 quippe
1110 2571 1186 2628 bello
1208 2576 1329 2644 captae,
1356 2573 1426 2625 crau

315 2683 450 2753 patrium
479 2686 591 2737 terram
619 2679 805 2738 anoriendam
833 2686 907 2737 esset
936 2674 981 2756 (id
1004 2673 1086 2756 quod
1108 2674 1324 2738 tristissimum
1347 2673 1425 2734 u'sun

318 2785 490 2869 veteribus)
523 2797 552 2846 el
578 2791 641 2863 ipse
669 2796 762 2862 prater
794 2791 1041 2862 exstingueretur
1072 2806 1162 2848 naeus.
1208 2784 1258 2847 lta
1290 2805 1356 2846 vero
1383 2802 1426 2843 nec

317 2895 442 2958 foedam
465 2894 605 2956 mulieris
630 2894 756 2956 caedem
779 2894 856 2976 ipsis
871 2893 1018 2957 manibus
1035 2893 1143 2956 Aiacis
1166 2893 1289 2974 tribuit,
1311 2896 1340 2955 et
1359 2911 1425 2954 eam·

318 3028 385 3067 sam
407 3009 515 3067 tamen
545 3004 655 3067 mortis
684 3004 723 3066 ad
751 3004 886 3067 eundem
914 3005 1013 3066 refert
1035 3005 1145 3085 utpote
1168 3002 1368 3086 expeditionis
1386 2999 1424 3060 du·

318 3136 395 3176 com.
441 3115 477 3176 Id
505 3136 578 3176 vero
606 3115 701 3195 [ilaue
730 3135 797 3176 esse
825 3114 1038 3177 necessarium
1068 3113 1116 3175 vis
1145 3113 1367 3176 sententianun
1391 3129 1424 3169 ar·

317 3224 387 3304 guit
416 3224 674 3286 luculentissime.
725 3222 810 3286 Nam
841 3245 910 3286 eum
940 3223 1126 3286 Tecmessae
1154 3223 1215 3285 hoc
1244 3223 1285 3285 sit
1311 3219 1424 3305 prolusi·

318 3337 400 3416 tuin,
438 3336 471 3395 ut
494 3334 626 3396 Aiacem
656 3334 696 3395 ab
726 3333 849 3396 consilii
878 3334 925 3396 sui
953 3333 1134 3396 temeritate
1165 3332 1343 3416 prohibeat,
1373 3347 1423 3391 eurr

318 3444 388 3506 aliis
411 3444 609 3526 argumentis
632 3444 747 3524 utitur,
776 3446 844 3505 tum
872 3443 1010 3505 officium
1041 3465 1107 3506 esse
1130 3442 1216 3505 illius
1239 3443 1423 3506 demonstran

317 3554 438 3634 studet,
473 3575 562 3615 suam
595 3554 693 3616 tutari
723 3575 861 3634 servam,
898 3553 1014 3635 quippe
1044 3553 1131 3616 euius
1158 3553 1263 3616 omnis
1291 3553 1322 3615 in
1349 3549 1423 3612 niae

317 3665 420 3745 pssita
450 3664 490 3725 sit
519 3685 590 3744 spes
620 3667 652 3724 et
680 3662 804 3726 fiducia.
856 3662 1006 3726 Officium
1040 3666 1147 3725 autem
1180 3685 1249 3726 esse
1276 3665 1421 3745 propterea.

317 3773 399 3856 quod
428 3773 581 3855 postulari
604 3773 718 3835 debeat
742 3773 782 3834 ab
805 3794 857 3852 eo,
886 3773 938 3855 qui
966 3773 1071 3854 patria
1100 3773 1238 3855 aliquem
1267 3767 1382 3854 privarit
1401 3774 1422 3823 u

317 3883 513 3965 parentibus
538 3883 640 3945 eidem
662 3885 696 3944 ut
720 3883 844 3963 patriae
867 3886 898 3944 et
920 3882 1101 3964 parentium
1125 3881 1230 3945 instar
1250 3882 1299 3943 sit.
1334 3871 1422 3952 Quoia

385 4181 409 4244 *λ
439 4179 505 4244 [Noc
533 4178 593 4230 aliis
616 4196 678 4232 eam
706 4178 929 4232 omemlationem
956 4177 1095 4246 Reisigius
1118 4177 1253 4246 probasse
1276 4176 1368 4230 ridetur
1386 4187 1420 4219 aa

320 4269 477 4324 Hermanno
496 4271 624 4338 probavit
643 4273 671 4323 in
690 4272 810 4324 editione
830 4272 922 4323 tertia.
959 4270 1012 4323 Alii
1032 4271 1098 4338 quid
1117 4270 1294 4332 aonia-erint,
1312 4261 1420 4319 rausa·-

319 4365 426 4426 narrat;
447 4381 541 4415 samam
562 4383 622 4416 osse
641 4364 764 4416 codicum
785 4364 949 4431 scripturam
969 4381 1050 4417 nemo
1068 4364 1149 4417 facile
1169 4360 1344 4433 persuaserit]
