2942 5134
463 351 606 401 rasarcr
630 351 778 400 κακκακ.
1133 332 1194 398 431

70 505 123 568 His
138 526 209 568 vero
229 509 364 568 mortem
386 527 452 570 non
474 506 654 573 necessario
677 504 865 588 significari,
890 504 988 588 ipsius
1004 503 1196 569 scholiastae

70 615 204 699 arguitur
224 635 290 678 non
311 614 441 678 indocta
464 614 672 679 adnotatione
694 613 790 678 hace:
813 617 832 694 ἢ
856 615 901 680 ὼε
923 616 995 694 περὶ
1016 618 1197 694 τετελευτη·

69 724 153 789 κάτοε
174 727 268 802 λέγει,
291 725 407 790 ὡεανεὶ
428 727 501 804 περὶ
524 724 652 808 (παρὰῖ)
681 726 737 789 τά(
765 725 917 804 μακάρων
940 725 1073 802 νήεουε,
1095 727 1114 804 ἢ
1138 725 1196 789 ὅτι

69 835 248 920 Ἀρχελάῳ
271 842 322 920 τῷ
346 838 497 915 βαειλεῑ
519 837 629 915 μέχρι
648 835 945 914 τελευτῆκμετὰ
960 833 1088 899 ἄλλων
1104 837 1195 899 πολ-

70 946 139 1008 λῶν
160 949 279 1024 ευνῆν
303 945 344 1010 ἐν
369 945 602 1027 Μακεδονίᾳ.
638 945 698 1008 καλ
720 944 902 1022 μακάρων
926 943 1098 1024 εὐωχίαν
1121 945 1195 1026 ἔφη

69 1056 128 1132 τὴν
149 1054 188 1119 ἐν
211 1055 440 1135 βαειλείοιε·
473 1059 594 1120 τοῦτο
622 1056 664 1119 δὲ
691 1056 785 1133 παρ’
813 1053 1063 1137 trevanae
1107 1051 1196 1128 Quod

69 1161 102 1224 de
115 1162 225 1228 itinere
240 1163 449 1229 Macedonico
467 1167 581 1228 narrat
603 1162 786 1246 scholiasta,
810 1163 843 1226 id
865 1167 1029 1246 tamquam
1052 1162 1196 1246 ineptum

69 1271 204 1336 videntur
231 1277 446 1338 commentum
475 1295 547 1338 cum
576 1272 662 1338 Sam.
690 1271 797 1336 Petito
825 1272 960 1338 Miscell.
990 1272 1006 1335 I
1034 1295 1060 1336 c.
1091 1272 1133 1340 14
1159 1295 1197 1336 ac

69 1379 100 1443 P.
132 1381 242 1465 Baylio
274 1383 462 1448 Welckerus
502 1382 730 1466 contempsisse
762 1381 801 1445 de
835 1380 1062 1466 Aristophanis
1094 1381 1196 1446 Ranis

70 1511 95 1572 p.
109 1491 165 1554 241
181 1495 214 1556 et
230 1493 270 1556 A.
288 1491 682 1578 smaragdineam
706 1492 806 1556 dram.
829 1491 846 1553 Ι
868 1513 899 1574 p.
917 1492 990 1574 308,
1014 1495 1050 1556 ut
1070 1497 1196 1558 taceam

69 1599 152 1684 alios,
183 1602 335 1688 ambiguo
366 1607 472 1668 autem
505 1601 621 1666 iudicio
648 1601 797 1685 Baylium
829 1601 1035 1685 reprehendit
1062 1602 1197 1666 Wolfias

67 1706 181 1796 Proleg.
210 1711 252 1775 ad
274 1711 358 1776 Plat.
383 1712 492 1796 Symp.
516 1734 548 1796 p.
572 1711 670 1776 XLV.
715 1710 875 1776 Potuisset
902 1714 1009 1775 autem
1031 1712 1135 1776 omnis
1158 1713 1197 1776 de

68 1819 160 1882 verbis
188 1821 416 1906 Aristophanis
449 1821 608 1886 dubitatio
639 1821 703 1884 ista
732 1820 916 1904 plenissime
943 1821 1029 1904 tolli,
1058 1821 1085 1884 si
1112 1821 1197 1886 Pla-

67 1928 160 1992 tonis
182 1928 428 2014 Symposium
455 1929 641 2016 diligentius
663 1934 747 1994 esset
769 1930 949 1994 lectitatum
971 1934 1066 2016 atque
1088 1953 1196 1996 excus-

67 2039 281 2124 nunciusque
314 2043 458 2124 tempora
490 2041 669 2106 accuratius
699 2043 731 2104 et
759 2039 924 2123 explorata
954 2045 986 2104 et
1012 2040 1098 2105 inter
1128 2063 1197 2106 sese

67 2145 218 2214 distincta.
264 2149 310 2214 Vt
332 2152 439 2214 autem
469 2151 531 2214 duo
551 2150 607 2214 illa
630 2149 922 2233 praetermittamus
944 2153 1105 2233 tempora,
1135 2173 1196 2235 quo

68 2255 158 2338 ipsum
179 2258 360 2324 habitum
382 2263 431 2324 est
454 2260 645 2343 convivium,
668 2259 689 2322 i.
707 2279 734 2323 e.
751 2259 792 2323 ol.
810 2258 876 2341 XO,
893 2259 924 2342 4,
949 2263 1056 2344 etque
1079 2261 1197 2344 scrip·

67 2369 135 2430 tum
150 2390 168 2432 a
186 2368 326 2434 Platone
348 2373 407 2452 est,
431 2369 463 2433 h.
480 2392 507 2433 e.
524 2372 598 2453 post
619 2369 659 2433 ol.
685 2367 833 2450 XCVIII,
855 2368 891 2450 4,
914 2368 948 2431 id
970 2368 1053 2453 quod
1076 2370 1196 2454 colligi-

66 2477 111 2538 tur
124 2498 160 2542 ex
178 2501 210 2562 p.
233 2479 293 2544 193
308 2485 350 2544 A:
372 2479 529 2544 narrati
553 2479 679 2564 quidem
702 2477 840 2542 convivii
862 2481 1007 2561 tempora
1029 2478 1197 2563 dispertita

67 2591 132 2651 sunt
150 2589 322 2654 trifariam.
360 2589 502 2654 Primum
525 2589 610 2654 enim
632 2610 682 2653 res
704 2593 815 2673 gestae
838 2588 989 2672 symposii
1011 2589 1053 2652 ab
1074 2588 1197 2653 Aristo

66 2692 156 2780 demo,
179 2699 235 2783 qui
257 2699 326 2782 ipse
348 2699 539 2764 interfuerat
561 2699 713 2781 convivis,
737 2701 910 2762 narrantur
926 2697 1130 2782 Apollodoro,
1154 2700 1196 2763 cf.
1214 2719 1249 2768 ao

66 2825 93 2885 p.
116 2808 171 2872 173
194 2813 235 2891 B,
258 2808 397 2892 itemque
414 2807 578 2892 Phoenici,
603 2831 621 2872 a
644 2830 706 2893 quo
728 2829 785 2892 per
807 2808 889 2872 alius
912 2807 1074 2872 cuiusdam
1096 2809 1196 2872 inter-

66 2919 184 2982 ventum
211 2919 249 2982 in
278 2917 452 2984 Glauconis
478 2918 629 2984 notitiam
658 2921 845 3001 transeunt,
874 2941 905 3002 p.
931 2918 992 2982 172
1014 2921 1044 2982 Β
1067 2923 1098 2984 0.
1143 2919 1197 2982 Ab

66 3021 113 3088 illa
133 3027 320 3092 narratione
342 3049 470 3112 prorsus
497 3028 660 3093 seiunctae
687 3031 763 3092 sunt
790 3028 892 3092 altera
920 3033 952 3092 et
973 3028 1086 3111 tertia,
1115 3049 1196 3113 quae
1464 3079 1465 3124 ,

66 3135 148 3199 unius
169 3137 358 3222 Apollodori
386 3141 476 3220 sunt,
506 3159 544 3202 ex
572 3161 633 3222 quo
661 3138 799 3222 primum
826 3138 872 3201 rei
900 3137 986 3202 illius
1009 3137 1050 3202 ab
1073 3139 1196 3203 Aristo·

66 3241 147 3309 demo
169 3251 322 3331 acceptae
343 3248 531 3312 memoriam
553 3247 676 3312 audivit
698 3247 830 3329 Glauco,
854 3270 886 3331 p.
914 3248 973 3312 173
996 3251 1026 3310 B
1047 3251 1140 3332 extr,
1164 3253 1197 3314 et

66 3355 163 3432 paullo
183 3360 258 3440 post
281 3361 455 3422 conventus
478 3357 606 3442 quidam
627 3356 844 3439 familiarium,
869 3377 975 3421 coram
997 3357 1109 3440 quibus
1131 3358 1196 3422 iam

66 3463 163 3528 omnia
184 3465 241 3530 illa
264 3470 397 3532 narrata
420 3488 488 3531 esse
509 3468 686 3552 fingumtur,
711 3488 791 3550 quae
814 3488 900 3530 nunc
922 3466 1058 3552 legimus
1080 3467 1115 3530 in
1130 3467 1195 3530 dia·

66 3568 131 3654 logo
145 3574 324 3659 Platonico,
349 3597 541 3662 quamquam
562 3576 640 3659 ipsis
656 3576 851 3640 Aristodemi
872 3576 977 3640 verbis
999 3580 1131 3640 narrata
1155 3578 1195 3640 ab

66 3680 261 3763 Apollodoro.
292 3685 392 3761 Quem
408 3686 590 3750 admodum
612 3688 719 3750 autem
741 3687 828 3770 prior
843 3685 1029 3770 Apollodori
1050 3686 1195 3751 narratio
1464 3707 1465 3730 ¹

66 3789 186 3858 &crate
209 3796 307 3860 etiam
329 3799 408 3860 tunc
430 3796 556 3860 vivente
578 3795 667 3860 facta
687 3800 746 3878 est,
769 3799 806 3858 ut
821 3799 955 3878 apparet
976 3817 1014 3859 ex
1033 3817 1065 3878 p.
1085 3796 1144 3860 172
1161 3801 1194 3880 0,
1463 3733 1465 3866 i

124 4078 147 4150 *j
161 4079 285 4152 [Editnm
301 4097 375 4139 nune
393 4083 437 4140 est
455 4083 578 4140 ὼεονελ
598 4081 676 4141 εἷπε
693 4083 743 4140 τά(
761 4081 894 4154 μακάρων
912 4081 1022 4152 atroce,
1041 4099 1104 4138 mox
1117 4083 1194 4150 μέχρι

65 4173 118 4238 τῆ(
134 4180 282 4246 τελευτῆς,
305 4177 405 4234 deinde
423 4181 479 4245 τὴν
496 4181 527 4234 ἐν
550 4180 692 4244 βοειλελοιε
715 4180 905 4246 διατριβήνε
932 4178 1036 4248 partim
1054 4193 1069 4230 e
1087 4176 1194 4230 Raven-

65 4265 122 4320 aa
139 4265 242 4334 codice,
259 4271 362 4339 partim
380 4289 395 4326 e
413 4269 529 4326 Veneto.
554 4270 660 4326 Vltima
671 4276 758 4326 τοῦτο
776 4273 806 4326 δὲ
824 4275 894 4340 παρ’
911 4273 1048 4326 ὑπόνοιαν
1066 4269 1102 4325 ab
1120 4271 1194 4328 utro·

65 4371 112 4424 qne
131 4362 251 4434 absumt]
