3052 5136
152 386 184 430 G.
210 383 391 431 annullant
415 384 462 430 DE
485 381 607 431 assari
632 383 778 431 scitellus
802 383 892 431 cnl‘r.
917 383 1098 431 EPISTVLA.
1145 368 1203 433 7111

73 538 134 602 lare
157 537 233 601 illud
255 536 337 621 qnod
359 538 419 600 sub
441 559 579 601 numero
596 536 695 622 tam)
718 536 912 621 descriptum
935 535 1060 601 videtis.
1085 537 1122 601 ln
1143 561 1205 622 quo

74 670 138 712 cum
159 652 287 732 praeter
309 647 388 713 alias
411 669 467 713 eae
489 648 616 712 litterae
638 645 861 712 blandirentur
883 670 961 733 quas
977 647 1016 712 ad
1033 646 1206 714 Fordiuan-

72 886 181 937 parvum
199 872 229 925 et
247 869 355 939 pridem
373 869 545 924 intellectum
563 878 607 924 est
625 873 654 923 et
672 868 830 923 dictitatum
849 887 933 938 saepe
951 887 1079 935 numero,
1101 889 1135 924 ex
1152 871 1205 924 huc

73 977 174 1030 quoque
192 964 359 1033 paupertate
378 966 474 1017 nostra
492 966 521 1017 et
539 962 659 1018 dolenda
677 980 744 1016 sane
762 962 888 1017 exilitate
906 980 962 1018 non
980 962 1047 1016 nihil
1067 963 1205 1017 commodi

72 1055 97 1107 in
113 1054 203 1110 studia
219 1056 377 1110 litterarmn
396 1055 613 1111 redundaturum
627 1055 808 1125 suspicamur,
826 1055 986 1124 laborisque
998 1058 1116 1109 fructum
1136 1056 1204 1113 satis

73 1147 217 1216 optabilem
235 1149 393 1218 percepisse
411 1149 491 1204 nobis
510 1149 678 1216 ridebimur,
698 1148 720 1201 si
740 1151 810 1203 sorte
828 1166 844 1202 e
862 1147 1011 1218 philologis
1030 1166 1148 1217 graecae
1167 1149 1203 1202 la·

72 1240 195 1309 tinaeque
222 1241 385 1310 antiquitati
413 1241 593 1312 operantibus
617 1260 701 1309 unum
725 1244 753 1295 ct
782 1241 849 1295 item
871 1242 990 1297 alterum
1014 1242 1204 1310 ignoratorum

73 1337 149 1389 antea
171 1334 357 1390 subsidiorum
380 1335 482 1391 indicio
504 1338 601 1391 nostro
624 1335 746 1404 quedam
773 1337 854 1390 tenus
881 1334 1110 1390 demeruerimus:
1140 1353 1204 1389 nuru

73 1427 227 1495 primariam
253 1446 319 1484 saue
343 1446 425 1499 opem
448 1432 592 1499 praestare
615 1447 650 1484 ea
672 1428 797 1483 subsidia
819 1433 917 1499 suapte
940 1431 1041 1483 natura
1067 1431 1123 1483 tere
1150 1446 1205 1483 non

73 1523 207 1588 potenmt,
232 1540 349 1590 quorum
372 1523 455 1592 louge
479 1522 600 1578 maxims
621 1541 686 1593 pars
709 1539 765 1577 non
784 1540 799 1577 e
818 1522 1005 1592 superioribus
1029 1522 1145 1576 saeculis
1170 1522 1206 1578 ad

73 1631 117 1667 uos
134 1619 295 1684 propagata
312 1619 369 1683 est,
393 1616 441 1670 sed
459 1616 630 1671 noviciorum
648 1615 824 1687 potissimum
842 1616 984 1670 hominum
1002 1615 1092 1669 doctis
1110 1616 1205 1670 advor-

74 1707 158 1773 seriis,
186 1709 386 1775 conlectaneis,
410 1710 596 1779 apographis,
615 1708 852 1775 enarrationibus,
875 1708 1103 1764 adnotationibus
1122 1712 1206 1776 atque

73 1799 97 1852 id
113 1818 196 1868 genus
215 1801 381 1857 commentis
395 1802 477 1856 erariis
495 1802 674 1870 miscellaque
688 1801 859 1871 supellectile
876 1804 993 1857 constat.
1020 1802 1100 1865 Haud
1113 1800 1206 1870 paullo

74 1893 139 1960 plna,
161 1894 214 1949 nisi
240 1894 374 1961 fallimur,
398 1895 499 1964 pluteis
523 1895 627 1949 nostris
651 1895 794 1949 debebunt
812 1894 859 1963 qui
878 1899 927 1950 aut
944 1895 1082 1964 linguas
1100 1893 1207 1949 orien-

74 1987 153 2042 tales
174 1989 303 2044 tractant
326 1993 374 2044 aut
396 1989 424 2043 in
447 1989 551 2043 medii
574 1989 648 2044 aevi
671 1988 807 2044 litteris
829 1992 863 2044 et
886 1989 986 2043 rebus
1005 1988 1116 2057 gestis
1135 2005 1208 2042 seru·

74 2080 158 2135 landis
176 2084 338 2137 versantur:
368 2082 396 2136 iu
415 2082 515 2149 quibua
533 2083 661 2152 partibus
679 2085 759 2136 tanto
777 2082 840 2151 plus
859 2082 996 2147 valemus,
1020 2085 1125 2149 quanto
1143 2080 1208 2136 rali-

74 2172 156 2228 diores
179 2193 242 2230 esse
265 2174 293 2229 in
316 2174 377 2240 illa,
400 2193 472 2242 quae
496 2177 531 2230 ad
555 2176 647 2230 studia
670 2175 804 2244 imprimis
829 2174 903 2244 apud
925 2193 975 2228 uos
994 2175 1130 2230 ferventia
1147 2192 1207 2244 per·

73 2264 148 2332 tinet,
170 2269 278 2322 frustm
301 2267 433 2337 cupimus.
470 2268 595 2336 Reliquis
618 2268 703 2336 igitur
726 2266 871 2321 desideriis
894 2267 1050 2321 curabimus
1069 2270 1100 2321 ut
1118 2269 1208 2322 altera

73 2360 203 2428 tertiaque
221 2360 360 2430 particula
378 2361 458 2415 hrrius
478 2360 606 2427 Catalogi
626 2379 674 2415 suo
693 2364 820 2429 tempore
840 2360 907 2414 satis
927 2362 987 2413 fiat:
1005 2359 1116 2414 interim
1135 2361 1207 2415 11111111

74 2469 149 2517 (11111111
165 2472 240 2507 mmc
258 2456 332 2507 loma
351 2454 477 2508 dedimus
496 2456 578 2521 aequi
597 2453 717 2521 bonique
736 2453 841 2507 conardi
859 2453 992 2506 volumus.
1025 2455 1054 2507 lu
1072 2470 1128 2521 qua
1146 2472 1207 2508 cum

74 2544 160 2600 dedita
177 2565 279 2617 opera,
304 2546 376 2601 unde
400 2551 530 2617 acceptos
554 2547 677 2614 singulos
701 2546 810 2601 codices
832 2545 1004 2600 bibliotheca
1021 2550 1118 2602 nostra
1135 2565 1207 2601 nunc

74 2639 222 2708 possideat,
246 2641 501 2709 perscripserimus,
526 2642 585 2694 tum
603 2641 638 2694 de
656 2640 764 2695 duobus
787 2640 910 2693 sontibus
929 2640 1102 2694 uberioribus
1122 2640 1208 2694 semel

75 2738 149 2799 atque
166 2732 324 2802 generatim
343 2734 387 2787 hic
409 2733 614 2803 praemonitum
635 2736 704 2787 esto.
741 2736 883 2799 Quotquot
905 2732 978 2786 eninr
997 2733 1207 2788 Heinrichiunos

74 2823 151 2879 libros
168 2830 347 2881 enumeratos
364 2827 450 2891 vides,
470 2826 612 2880 sciendum
630 2830 673 2880 est
691 2826 799 2879 liberali
818 2826 951 2879 beneficio
969 2826 1103 2880 heredum
1116 2827 1208 2880 Caroli

76 2915 198 2973 Friderici
215 2919 408 2973 Heinrichii
432 2919 540 2973 deberi:
571 2923 708 2986 quotquot
727 2919 898 2984 Naekianos,
922 2936 954 2972 cx
977 2920 1097 2985 Augusti
1115 2919 1208 2973 Fordi-

75 3010 152 3064 uandi
167 3012 192 3066 N
198 3012 291 3068 aelrii
310 3011 480 3066 bibliotheca
497 3011 609 3080 publico
632 3030 696 3066 aere
719 3014 829 3080 emptos
852 3029 919 3065 csse.
957 3010 1105 3067 Pauciores
1127 3030 1207 3079 quos-

75 3101 145 3170 dam,
163 3106 208 3173 qui
229 3105 296 3159 olim
314 3104 444 3159 Guilelmi
462 3104 572 3159 Ernesti
591 3104 704 3159 Weberi
723 3107 848 3170 suerunt,
867 3104 947 3158 binus
965 3105 1036 3158 lilius
1054 3123 1142 3175 nuper
1161 3106 1207 3159 do-

75 3198 145 3252 narit
166 3198 335 3255 clarissimus
357 3216 429 3252 nunc
452 3196 480 3251 in
503 3198 555 3252 hue
583 3198 764 3251 universitate
792 3197 949 3266 chirurgiae
972 3200 1113 3266 prol'essor
1140 3199 1206 3252 Otto

77 3287 239 3347 Weberus.
277 3291 393 3346 Praeter
418 3291 530 3359 integra
552 3295 645 3345 autem
669 3308 740 3357 quae
761 3290 834 3344 iufra
852 3290 1049 3359 ‹lescripsinms
1068 3291 1207 3345 volumina

75 3389 182 3439 nonest
204 3384 316 3439 silentio
338 3384 571 3453 praetereundum
593 3384 727 3453 plurimas
750 3383 778 3438 in
802 3383 907 3437 scriniis
926 3383 1029 3437 nostris
1048 3385 1206 3438 membra·

75 3492 132 3550 nas¹
145 3477 342 3547 singulares
365 3494 497 3545 magnam
521 3481 630 3545 lrartem
654 3476 722 3530 satis
740 3480 864 3530 vetirstas
888 3477 992 3530 servari
1015 3477 1051 3531 ad
1074 3476 1206 3545 plurimos

75 3572 165 3634 poetas
183 3570 389 3639 scriptoresque
411 3571 513 3624 latinos
537 3570 718 3637 pertinentes.
755 3570 829 3634 Quas
852 3569 963 3636 quidem
987 3569 1014 3623 in
1037 3570 1205 3639 praesentia,

74 3677 105 3714 ue
125 3664 190 3717 fines
214 3663 398 3718 modestiores
420 3663 637 3732 programmatis
666 3662 817 3718 academici
844 3662 1053 3727 excederemus,
1081 3654 1206 3717 consulto

74 3757 281 3819 praetermissas
300 3757 456 3812 mirabimus
475 3760 506 3811 ut
524 3756 685 3826 appendicis
704 3757 763 3811 loco
782 3755 910 3825 proxima
923 3756 1051 3824 catalogi
1069 3755 1207 3826 particula

76 3845 230 3916 singillatim
248 3853 451 3919 persequatur)
465 3881 498 3889 -
517 3850 646 3904 Ceterum
663 3851 818 3904 memoratu
836 3867 891 3903 non
904 3849 1049 3918 indignum
1067 3851 1206 3918 putamus,

75 3938 147 3995 huius
170 3942 321 4011 ‘Catalogi'
344 3943 490 3998 fasciculos
513 3943 561 3996 111,
585 3943 630 3997 IV.
651 3942 682 3997 V.
703 3942 755 4010 Vl,
776 3952 788 3995 1
817 3945 846 3997 et
868 3942 904 3997 ad
926 3942 1034 4017 litteras
1057 3941 1206 3997 orientales

76 4037 242 4100 spectantem
260 4035 310 4088 Vll
328 4036 464 4106 prodiisse
487 4055 538 4105 per
560 4037 674 4091 easdem
697 4036 921 4105 opportunitates
944 4034 1118 4090 academicus
1136 4036 1206 4089 Bon·

75 4142 167 4181 nenses
186 4129 267 4183 annis
286 4135 359 4184 1860.
382 4135 454 4183 1866.
478 4134 550 4183 1863.
576 4136 640 4183 1865
658 4133 687 4183 et
707 4135 784 4182 tells:
815 4129 890 4196 quod
908 4146 977 4196 opus
996 4145 1060 4181 mun
1080 4128 1117 4181 sit
1134 4128 1205 4181 ‘finis

75 4223 270 4287 coronaturus',
289 4222 492 4292 incompertum
510 4223 611 4290 nobis]

136 4317 160 4380 *1
183 4314 251 4384 [Sub
273 4316 326 4370 hoc
346 4333 462 4371 numero
485 4316 590 4386 scripta
611 4316 680 4371 hacc
702 4316 789 4370 habes
811 4335 837 4385 p.
857 4321 905 4369 sl:
942 4321 1003 4370 “352
1026 4320 1067 4381 (u
1087 4333 1112 4382 v,
1130 4319 1154 4383 c)
1178 4319 1207 4368 4⁰

76 4407 155 4463 codex
173 4410 334 4465 chartaceus
352 4409 454 4465 saeculi
472 4410 584 4477 xvufl,
603 4409 730 4466 loliorum
743 4416 776 4466 10
789 4427 905 4478 quorum
917 4410 1056 4479 permulta
1069 4409 1206 4479 scriptura
