2976 5140
287 317 349 380 612
672 335 718 380 nn
743 335 812 380 ono
836 337 880 381 ur
904 335 1046 383 onronrr.

287 487 344 548 bus
368 508 404 548 ea
429 486 634 549 incrementis
657 487 823 549 historiam
840 489 918 550 artis
933 489 1165 572 grammaticae
1187 489 1396 572 locupletantis.

286 595 555 659 Testimoniorum
579 619 617 660 ex
633 597 792 660 veteribus
816 598 1034 680 scriptoribus,
1059 599 1278 684 grammaticis
1298 599 1398 682 potissi-

287 728 373 768 mum
396 707 641 791 diligentissime
664 708 876 770 excitatorum
898 708 1138 772 multitudinem
1154 713 1230 772 ante
1247 731 1333 793 quam
1351 709 1397 770 edi·

287 821 354 880 tum
381 817 444 879 fuit
471 817 599 881 Bastius
628 818 751 902 pridem
781 817 978 882 collaudaret
1005 819 1039 882 in
1069 818 1167 902 Greg.
1199 819 1269 884 Cor.
1291 843 1320 902 p.
1339 820 1398 881 aar:

286 949 346 990 1111
369 950 458 1011 spem
481 928 598 992 fefellit
620 934 762 992 eventus,
795 928 956 1002 Quantum
977 929 1131 1013 igiturex
1154 928 1218 993 illis
1242 929 1313 1012 ipsis
1332 929 1399 990 testi·

286 1038 402 1101 moniis
433 1038 609 1122 colligitur,
645 1039 825 1122 praecipui,
857 1062 873 1103 1
902 1040 1015 1123 quibus
1043 1062 1122 1123 opus
1151 1061 1242 1102 sunm
1274 1041 1401 1123 magister

287 1147 509 1211 Caesarcensis
533 1150 730 1232 compilarat,
754 1150 860 1212 fontes
876 1149 1065 1226 1111111111111,
1088 1149 1255 1232 dequibus
1277 1150 1400 1232 quonian

286 1258 442 1342 singulari
465 1260 650 1342 quaestione
673 1260 907 1342 disputaturmn
936 1283 1001 1323 non
1030 1259 1158 1322 deficiat
1180 1259 1333 1324 scribendi
1352 1281 1401 1320 rna-

285 1368 383 1451 teria,
414 1370 498 1432 malo
521 1371 602 1433 nihil
630 1393 726 1453 quarn
748 1393 851 1454 pauca
875 1371 1094 1434 commentari.
1140 1370 1305 1434 Tractavit
1325 1370 1403 1453 igilur

287 1479 363 1542 Orio
380 1502 417 1543 ex
436 1481 490 1562 eis,
516 1481 569 1563 qui
586 1481 814 1564 etymologicos
837 1481 899 1564 ipsi
922 1481 1019 1544 libros
1044 1482 1305 1563 composuissent,
1328 1479 1402 1562 apd

287 1588 440 1672 lodorurn,
465 1591 669 1653 Heraclidem
693 1591 877 1672 Ponticum,
907 1590 1064 1655 Soranum
1086 1591 1244 1654 modicum
1268 1593 1298 1654 et
1320 1612 1403 1675 gran·

286 1700 438 1763 maticum
468 1702 522 1783 (cf,
548 1701 683 1764 Fabricii
708 1700 792 1764 Bibl.
817 1723 866 1785 gr.
891 1700 954 1764 XII
983 1724 1014 1784 p.
1039 1702 1101 1766 685
1123 1700 1249 1786 Harl),
1279 1701 1328 1784 qui
1353 1699 1402 1782 qui·

286 1810 356 1872 dem
380 1833 444 1873 non
468 1811 506 1873 de
529 1811 691 1893 quibusvis
715 1811 917 1896 etymologiis
940 1812 1157 1895 quaesiverat,
1188 1812 1245 1875 sed
1267 1813 1334 1891 περὶ
1352 1812 1405 1874 iru-
1477 1851 1478 1856 κ

284 1924 448 1998 μολογιῶν
478 1925 535 1986 τοῦ
565 1923 709 2000 eduum(
731 1927 789 1986 τοῦ
813 1922 1005 2001 ἀνθρώπου;
1044 1923 1070 1985 is
1099 1922 1184 1985 enim
1212 1924 1323 2005 plenus
1347 1917 1403 1982 libri
1477 1999 1478 2002 Ἴ

285 2030 380 2093 index
409 2031 480 2094 fuit.
527 2032 659 2095 Praeter
688 2033 745 2095 hos
774 2053 844 2095 cum
872 2031 955 2115 apud
982 2032 1224 2115 probatissimos
1253 2032 1329 2094 artis
1349 2052 1404 2091 auc·
1477 2089 1478 2096 ,

284 2144 369 2202 tores
399 2142 538 2204 studiose
568 2142 769 2226 conquireret
797 2146 830 2205 et
857 2143 947 2226 quasi
975 2141 1207 2223 emendicaret,
1243 2141 1342 2224 siquid
1369 2138 1405 2201 illi
1477 2145 1478 2186 1

284 2250 462 2332 promiscue
486 2257 517 2315 et
540 2253 629 2336 quasi
658 2256 898 2335 praetereuntes
928 2254 1024 2316 etiam
1052 2252 1090 2315 de
1112 2274 1226 2316 vocum
1248 2250 1405 2336 originibus

285 2361 412 2443 scriptis
440 2362 505 2424 suis
534 2364 776 2446 inspersissent,
810 2363 1003 2426 uberrimam
1038 2363 1302 2446 etymologiarum
1332 2357 1405 2442 quasi
1477 2367 1478 2422 i

284 2493 419 2534 messem
452 2472 530 2536 fecit
559 2474 592 2535 in
620 2472 796 2536 Herodiani
826 2474 1036 2552 ἐπιμεριεμῶν
1069 2473 1177 2554 libris,
1212 2469 1405 2552 ὀρθογραφίᾳ.
1477 2485 1478 2560 1

285 2583 462 2664 (υμποεὶῳ,
498 2585 568 2662 περὶ
592 2588 704 2648 παθῶν
735 2583 842 2666 libris,
873 2583 1103 2666 Philoxenique
1132 2582 1187 2645 illo
1217 2583 1314 2646 etiarn
1340 2579 1404 2642 anti·
1477 2607 1478 2610 ¹

284 2692 402 2775 quioris
435 2695 505 2772 περὶ
534 2696 785 2775 μονοευλλάβων
820 2694 970 2774 ῥημάτων
1005 2694 1109 2768 libris,
1146 2695 1218 2773 περὶ
1251 2693 1404 2757 διαλέκτων
1477 2697 1478 2712 ’

284 2802 389 2884 libris,
420 2806 491 2882 περὶ
513 2808 747 2884 διπλαειαεμῶν
770 2805 870 2867 libris.
917 2803 990 2866 Non
1019 2804 1098 2866 adeo
1126 2803 1228 2866 multa
1251 2803 1352 2866 hausit
1375 2820 1402 2860 er

285 2913 449 2995 Apollonii
472 2936 543 2977 curn
565 2915 636 2977 aliis
660 2914 896 2977 commentariis
920 2918 988 2976 turn
1003 2914 1041 2976 de
1058 2913 1217 2976 adverbiis
1240 2911 1404 2995 scriptione,
1477 2901 1478 2936 l

285 3024 434 3105 pauciora
469 3025 565 3087 etiam
599 3047 637 3087 ex
666 3024 880 3087 Eudaemonis
918 3023 1163 3108 orthographia,
1199 3022 1320 3086 Irenaei
1352 3019 1405 3080 sive
1477 3015 1478 3020 ’

285 3133 395 3196 Pacati
420 3134 591 3197 Atticistae
614 3134 725 3216 lexico,
751 3134 880 3197 scholiis
902 3134 936 3196 in
958 3138 1069 3218 poetas
1086 3133 1250 3217 quosdam,
1274 3129 1404 3216 paucissi-

234 3254 265 3298 2’9
283 3243 343 3305 mis
368 3243 506 3306 eiusdem
529 3245 657 3329 generis
687 3244 767 3307 aliis
813 3243 881 3307 Hos
910 3244 1052 3328 quidem,
1081 3243 1108 3306 si
1136 3245 1241 3326 ipsum
1269 3242 1403 3306 audimus.
1477 3273 1478 3328 3

284 3354 399 3438 legisse
429 3355 588 3437 putandus
618 3359 676 3418 est.
722 3355 779 3419 Cui
808 3355 970 3438 cqrraeritur
998 3377 1075 3417 num
1102 3354 1148 3416 ita
1177 3353 1332 3417 fidendum
1363 3350 1404 3424 111.
1477 3347 1478 3400 Ῑ

286 3469 319 3527 nt
341 3466 405 3526 suis
433 3467 580 3528 manibus
608 3488 775 3548 usurpasse
804 3466 930 3548 suisque
963 3465 1061 3528 oculis
1094 3467 1311 3547 perreptasse,
1341 3481 1404 3543 qnos

285 3575 458 3638 testimonii
483 3598 594 3639 caussa
617 3576 788 3658 scriptores
811 3575 937 3658 attulit,
963 3575 1125 3652 credatur,
1149 3596 1191 3637 an
1215 3575 1404 3651 1111111110-
1477 3589 1478 3646 ζ

285 3686 346 3748 tius
370 3692 402 3748 et
425 3687 639 3769 antiquiorum
663 3687 890 3770 magistrorum
913 3685 1042 3748 lectioni
1066 3688 1191 3769 partem
1209 3688 1293 3748 certe
1313 3677 1401 3762 1111111-

284 3796 505 3859 silissiurorunr
529 3797 782 3859 testimoniorum
806 3796 920 3859 debere
943 3795 1112 3858 videatur?
1141 3796 1249 3878 Atque
1264 3795 1312 3857 hic
1332 3809 1403 3852 reco-
1477 3777 1478 3840 Ϊ

284 3907 378 3968 lenda
407 3907 462 3968 illa
491 3908 624 3988 suspitio
653 3910 701 3969 cst
730 3911 761 3969 et
790 3907 975 3990 diligentius
1004 3905 1238 3988 persequenda,
1268 3905 1299 3967 in
1323 3919 1402 3983 quarn

286 4017 352 4099 ipso
378 4018 590 4080 ratiocinandi
613 4039 695 4079 nexu
720 4017 912 4080 ducebamur
935 4021 954 4096 ξ
981 4018 1033 4098 10,
1063 4019 1098 4078 ut
1120 4037 1247 4079 suorum
1268 4009 1401 4098 quaedam

286 4151 348 4190 non
379 4129 506 4190 aliunde
536 4133 630 4211 atque
658 4129 698 4190 ab
722 4128 786 4190 Oro
816 4127 939 4190 Milesio
967 4130 1129 4189 mutuatus
1163 4148 1231 4189 esse.
1265 4122 1401 4187 credatur.
1477 4141 1478 4200 3

284 4236 370 4311 Quod
394 4262 434 4300 ne
459 4239 590 4301 calidius
614 4241 670 4300 liat
692 4261 786 4321 qurnn
814 4237 1017 4320 prudentius,
1048 4237 1183 4320 primurn
1211 4228 1401 4299 secernendae

284 4371 339 4410 eae
364 4350 546 4413 notationes
570 4353 659 4430 sunt,
694 4349 722 4411 in
748 4349 861 4431 quibus
890 4349 956 4411 sive
980 4347 1130 4410 harcheri
1153 4345 1322 4429 exemplum
1343 4335 1400 4400 imi·
