2952 5132
358 335 515 382 nrosrsn
538 334 890 384 nerrrcennessnssrs.
1132 321 1196 384 519

70 487 169 550 deiide
184 487 312 550 maioris
330 487 365 550 in
381 485 539 552 Vrbinete
561 487 760 570 integritatis
784 487 966 552 coniectura
988 488 1066 552 fieri.
1098 486 1196 554 Velut

70 617 163 660 omnes
190 597 224 660 in
251 619 286 661 se
313 597 459 662 veritatis
491 618 639 662 numeros
673 619 766 661 nemo
793 599 871 681 puto
898 597 1088 662 diffitebitur
1115 597 1196 664 hoec

70 705 182 788 hebere,
206 727 287 790 quae
309 706 396 771 infre
418 708 520 790 posui,
544 707 638 770 unius
652 707 821 772 Vrbinetis
843 707 1075 790 supplementa.
1106 708 1194 772 Libri

69 815 123 900 III,
144 817 197 880 72:
234 817 418 898 διηγήεομαι
445 819 481 884 tt
508 819 558 884 καλ
584 820 643 884 τόν
665 821 721 896 τῆτ
749 818 920 896 ἐπιβουλῆτ
945 819 1071 897 τρόπον
1101 815 1194 904 [ἀπὸ

68 930 122 1004 τῆι
141 927 297 1006 πρώτη(
320 927 601 1008 έπιχειρήτεωτ
624 927 755 992 αὐτῶν
771 927 1016 1012 ἀρξάμενοι]
1045 928 1196 1010 ὁΝέβιατ

69 1035 175 1102 ἐκεῖνο(
202 1039 266 1102 κτλ.
288 1073 331 1086 -
357 1035 421 1119 IV,
444 1037 503 1102 57:
537 1037 716 1118 ἐγέγραπτο
739 1038 773 1101 δ’
794 1037 830 1102 έν
856 1037 950 1120 αὐτῇ·
978 1039 1109 1116 μάλιττα
1136 1041 1193 1116 μέν

69 1149 159 1210 ζιῐιντα
189 1149 391 1225 παραδοῦναι
422 1147 481 1212 τόν
515 1145 586 1212 υἱόν
620 1145 706 1231 αὐτῷ
741 1147 816 1230 [καλ
848 1147 1069 1224 κομίζετθαι
1102 1149 1194 1212 τοὺτ

69 1257 433 1334 διωμολογημένους
455 1255 649 1340 μιεθούι,]
679 1255 737 1322 ἐὰν
760 1257 796 1320 δὲ
818 1255 975 1322 ἀδύνατα(
998 1259 1033 1340 ᾖ,
1063 1257 1122 1336 τὴν
1145 1279 1192 1323 κε-

69 1367 162 1444 φαλὴν
188 1365 393 1443 ἀποτεμόντα
419 1367 542 1444 πέμψαι
568 1365 664 1450 αὐτῷ.
715 1363 779 1428 Vbi
802 1364 884 1448 quod
913 1363 1017 1429 deleto
1044 1367 1131 1450 αὐτῷ
1159 1366 1193 1430 in

70 1476 148 1536 Best
162 1474 321 1540 ἀδύνατα(
337 1477 356 1558 ᾖ
371 1479 470 1540 τοῦτο
492 1477 561 1556 τὴν,
585 1473 645 1538 hoe
668 1473 795 1558 quidem
817 1475 962 1558 exemplo
984 1497 1053 1538 esse
1075 1479 1191 1558 potest,

68 1582 140 1664 quali
166 1583 204 1646 de
230 1604 349 1668 genere
382 1583 449 1646 sint
480 1605 559 1667 quos
588 1583 637 1646 iili
668 1583 749 1647 libro
782 1588 978 1648 correcturos
1011 1584 1194 1668 tribuimus3

68 1692 189 1756 offensus
219 1693 304 1758 enim
338 1693 416 1758 setis
451 1693 605 1778 languido
637 1693 725 1778 αὐτῷ
757 1693 947 1776 pronomine
980 1695 1095 1776 voluit,
1129 1694 1192 1757 nisi

68 1799 210 1884 fallimur,
238 1803 389 1867 librarius
420 1803 478 1868 έὰν
507 1805 543 1868 δέ
570 1801 748 1869 ἀδύνατον
778 1805 934 1888 ᾖταῦτα,
963 1805 1021 1882 τὴν
1048 1806 1192 1884 κεφαλὴν

67 1909 255 1990 ἀποτεμόντα
287 1913 425 1994 πέμψαιι
457 1911 511 1976 sed
538 1912 627 1996 prius
654 1911 909 1976 additamentum
942 1912 1020 1976 illud
1053 1912 1192 1976 servavit

68 2019 197 2100 profecto
219 2042 258 2086 ex
281 2022 456 2106 archetypo
478 2023 583 2108 suo.*)
598 2059 641 2072 -
662 2021 737 2086 Non
752 2021 861 2105 disper
882 2021 994 2086 horum
1016 2022 1099 2085 ratio
1120 2044 1192 2104 sup·

67 2129 293 2214 plementomm,
317 2152 397 2214 quse
420 2131 479 2194 soli
503 2137 527 2196 0
548 2151 618 2196 oum
634 2135 664 2194 B
685 2131 875 2214 eommunia,
900 2153 938 2194 ex
961 2131 1101 2194 eiusdem
1123 2132 1192 2194 fon-

67 2236 115 2321 tis,
146 2239 257 2304 diversi
285 2262 304 2304 α
336 2239 481 2306 Ohisioni
514 2240 624 2322 fonte,
659 2239 859 2324 praestantia
894 2241 1067 2324 repetenda
1105 2244 1189 2304 sunt.

67 2346 87 2428 Ι,
111 2349 165 2413 54:
199 2351 268 2416 ἐπεὶ
295 2351 376 2432 φέρε
404 2350 493 2416 rivet
520 2349 560 2416 ἂν
583 2349 680 2416 αλτλατ
708 2351 777 2430 ἔχοι
804 2371 849 2416 πα
871 2349 1045 2417 ὑποθέεθαι
1065 2355 1133 2417 τῶν
1155 2351 1191 2415 ἐν

67 2457 166 2542 Ἰταλίᾳ
191 2460 290 2526 αὐτοῦ
313 2460 501 2542 μνημάτων,
535 2459 581 2542 [εἰ
607 2461 699 2540 μήτε
728 2461 817 2540 ἠρξε
845 2459 999 2526 τούτων
1021 2463 1099 2526 τῶν
1122 2481 1191 2540 χω-

67 2565 147 2644 ρίων
168 2571 257 2648 μήτε
279 2571 513 2646 καταγωγὰς
528 2569 569 2636 έν
584 2570 720 2636 αὐτοῖι
743 2571 955 2648 έποιήτατο
978 2569 1065 2649 μήθ’
1086 2568 1191 2634 όλω(

66 2677 227 2759 ἐγνώτθη
254 2681 352 2760 πρό(
387 2677 555 2765 αὐτῶνι]
591 2679 666 2744 ἀλλ’
693 2679 774 2758 ὑπὲρ
809 2681 866 2758 μέν
899 2679 1026 2746 τούτων
1059 2683 1122 2744 κτλ.
1148 2715 1191 2728 -

66 2783 116 2868 111,
136 2788 190 2853 39:
213 2790 291 2869 μετὰ
311 2793 409 2856 τοῦτο
431 2789 575 2866 γίνονται
596 2789 742 2856 Λατίνων
762 2809 797 2854 τε
812 2791 862 2853 καὶ
877 2789 1044 2868 Ῥωμαίων
1068 2789 1190 2872 [μεγά-

66 2897 140 2962 λαιτ
160 2899 345 2978 δυνόμετι
368 2901 725 2984 παραταξαμένων]
749 2899 847 2979 μάχαι
869 2898 975 2964 διτταί.
996 2935 1037 2946 -
1061 2895 1117 2978 Ν,
1137 2897 1189 2961 15³

66 3004 104 3068 ὡτ
122 3009 157 3072 δὲ
178 3009 358 3076 Οὐενώνιοτ
378 3007 556 3090 ἱττόριγκεν,
585 3009 629 3076 εἰ(
651 3009 724 3088 μίαν
745 3030 781 3075 τε
803 3009 853 3074 καλ
874 3009 1054 3090 τριάκοντα,
1080 3007 1190 3092 [ὥττε

66 3115 124 3181 civ
150 3115 228 3184 soit
256 3120 352 3184 κατὰ
381 3119 499 3184 πόλιν
527 3120 666 3186 οὔτοι(
695 3119 1024 3198 έκπεπληρῶτθαι
1045 3119 1114 3182 τὰ(
1136 3117 1191 3182 ἔτι

65 3225 118 3288 καὶ
139 3228 189 3292 etc
209 3229 306 3308 ἡμᾶς
329 3227 584 3310 ὑπαρχούτατ
605 3229 818 3310 τριάκοντα
845 3229 905 3294 καλ
926 3227 1061 3310 πέντε]
1085 3227 1190 3307 φυλάς

65 3337 120 3397 κτλ.
142 3373 178 3384 —
199 3337 256 3420 IV,
279 3339 336 3402 39:
365 3340 405 3404 τὰ
427 3339 504 3417 μετὰ
525 3343 625 3404 ταῦτα
646 3341 736 3404 δεινὰ
756 3341 814 3418 μέν
836 3338 1026 3414 όκοωτθῆναι
1055 3337 1081 3418 [,
1104 3341 1189 3400 θαυ-

64 3447 172 3518 ματτά
192 3451 233 3514 δὲ
255 3449 317 3512 καλ
339 3447 482 3514 ἄπιττα
504 3449 744 3532 πραχθῆναι]
773 3452 829 3526 τῆ(
856 3447 985 3512 &vectet
1013 3445 1114 3511 αὐτοῦ
1135 3450 1189 3509 θυ-

64 3556 169 3632 ΐατρότ
189 3557 266 3637 ἔργα
288 3557 505 3638 παραδίδοται.

582 3725 655 3806 ξ3.

142 3856 206 3924 Orsi
229 3881 337 3924 sumus
360 3880 379 3922 s
402 3859 645 3942 simplicissimis
667 3857 830 3942 exemptio.
870 3859 916 3920 At
931 3856 1017 3921 enirn
1033 3856 1082 3918 vel
1098 3857 1187 3936 haee,

64 3963 167 4044 quibus
192 3990 269 4034 sene
297 3969 366 4034 sine
394 3989 514 4052 magno
542 3969 591 4032 vel
619 3990 723 4032 rerum
751 3969 800 4032 vel
830 3967 1061 4030 sententiarum
1094 3964 1189 4029 detri-

336 4057 352 4086 Ι

126 4243 217 4313 *ΗΕι
236 4247 452 4316 interpolatione
479 4263 540 4302 esse
559 4247 639 4312 αὐτῷ
668 4244 782 4299 vitiosus
807 4243 836 4298 in
861 4243 967 4309 πέμψαι
990 4243 1070 4310 αὐτῷ
1096 4241 1189 4296 hiatus

65 4333 169 4404 argent]
