2942 5134
196 392 244 440 nn
267 391 417 440 carneo
441 391 649 440 soeuocnao
674 391 796 440 οιιυιυι
818 373 982 438 coccum]
1100 371 1163 436 395

267 547 371 612 λεύαει
392 566 443 612 νιν
468 544 582 625 μορίου
605 546 673 610 διὸ(
1114 551 1164 602 roo

268 659 296 736 χε
318 656 339 721 ά
360 659 544 734 γλαυκῶπι(
566 654 677 720 ἀθάνα.

269 807 371 875 ἄλλον
393 811 428 874 δ’
450 807 544 875 αἶνον
571 808 636 888 ἔχω

269 919 464 999 μαπροπόλει
485 923 573 984 τᾶιδε
595 916 759 997 κράτιατον

268 1032 377 1110 δῶρον
399 1033 458 1094 τοῦ
481 1029 622 1109 μεγάλου
645 1027 796 1107 δαίμονος
819 1025 919 1092 εἰπεῖν

269 1139 394 1220 αὔχημα
416 1140 573 1218 μέγιετον,

269 1249 407 1315 εὔιππον
431 1249 582 1314 εὔπωλον
604 1247 808 1313 εὔθάλαεοον.

270 1357 297 1422 ιῦ
319 1361 379 1424 παῖ
399 1359 529 1438 κρόνου,
552 1360 588 1424 αὔ
610 1358 672 1438 γάρ
694 1377 745 1423 νιν
767 1357 811 1421 dc

269 1470 343 1534 τόδ’
366 1469 450 1534 elcut
472 1469 590 1550 αὔχημ’
613 1467 693 1534 ἄναξ
714 1467 877 1542 ποεειδὰν,

268 1578 391 1643 ἵπποιει
413 1580 471 1644 τὸν
494 1579 650 1657 ἀκεετῆμα
675 1577 809 1657 χαλινὸν
861 1585 864 1593 ’

268 1690 420 1768 πρώταιαι
442 1692 509 1754 παῖε
531 1689 564 1753 δ’
587 1687 708 1752 ἔκτιααε
733 1687 864 1763 ἀγυιαῖς.

270 1798 290 1862 ά
312 1801 346 1864 δ’
369 1798 541 1879 εὐήμετμοε
563 1799 700 1874 ἔκπαγλ’
727 1796 801 1861 ἁλία
822 1817 892 1877 χερ-

270 1929 298 1972 cr
319 1910 550 1988 πάραππομένα
573 1907 677 1972 πλάτα

270 2019 413 2097 θρώιακει
435 2021 502 2084 τῶν
523 2017 755 2098 ἑκατομπόδων

270 2127 429 2208 νηρηῖδων
452 2127 638 2193 ἀκόλουθοι.

40 2273 94 2340 Vbi
119 2301 215 2344 manu
242 2277 383 2344 secunda
411 2283 589 2344 correctum
616 2283 665 2344 est
691 2301 721 2344 v.
745 2279 807 2342 698
830 2277 1015 2360 άχεὶρητον,
1048 2299 1079 2340 π.
1104 2277 1165 2340 699

39 2411 162 2494 ἐγχέων,
183 2437 213 2479 v.
238 2415 298 2479 701
321 2378 564 2497 πάιδοτμόφου,
587 2415 621 2479 in
644 2413 850 2480 'lbicliniania
879 2415 985 2476 autem
1008 2411 1165 2495 exempla-

39 2521 114 2586 ribus
137 2523 247 2588 aliisve
269 2525 464 2610 apographis
487 2527 520 2590 δ’
536 2524 608 2591 οἷον
625 2547 654 2588 v.
671 2525 745 2603 694,
767 2525 893 2603 μέγιεπα
907 2522 980 2605 700,
1004 2524 1072 2603 χερὶ
1086 2522 1159 2604 703,
1181 2533 1208 2583 ιν

39 2632 146 2698 tederet
168 2633 239 2717 705,
263 2635 305 2714 χά
328 2635 400 2716 706,
420 2635 561 2700 ἵπποιειν
586 2635 657 2718 714,
684 2637 789 2700 ταῑεδε
811 2633 915 2699 κτίαα(
938 2632 1009 2716 715,
1033 2634 1165 2712 θμώεκει

39 2740 100 2823 718,
123 2747 273 2828 νηρῄδων
295 2745 373 2828 719,
396 2745 524 2809 inutilia
546 2747 582 2808 ut
604 2745 732 2809 silentio
753 2743 1057 2827 praetermittamus,

111 2853 151 2918 In
172 2853 222 2924 his
251 2855 402 2939 quoniam
434 2855 594 2939 principia
622 2855 785 2938 utriusque
813 2853 963 2937 strophae
985 2852 1166 2935 discrepare

36 2963 167 3028 numeris
195 2987 225 3028 v.
248 2965 322 3030 697.
352 2966 415 3030 710
445 2965 631 3048 apparebat,
665 2967 838 3029 metrorum
866 2962 1077 3028 concinnitati
1110 2968 1166 3026 aut

38 3069 172 3138 addendo
194 3075 230 3138 in
252 3075 455 3158 antistropha
478 3075 658 3140 consultum
673 3078 721 3138 cst
736 3074 841 3138 autin
864 3075 996 3158 stropha
1017 3072 1164 3137 delenda.

38 3178 97 3244 Nec
118 3206 175 3267 per
197 3207 231 3248 se
253 3188 303 3248 cst
324 3185 468 3269 profecto
491 3207 546 3250 eur
568 3185 756 3248 alterutram
777 3183 968 3248 emendandi
990 3183 1075 3246 viam
1098 3183 1166 3247 vin-

38 3295 84 3353 cat
110 3294 228 3359 altera:
264 3295 392 3378 quando
418 3317 479 3360 nce
500 3295 700 3360 incommode
727 3295 777 3358 vel
800 3293 953 3358 inusitate
975 3298 1084 3375 δῶρον
1107 3298 1166 3359 τοῦ

37 3404 169 3476 μεγάλου
190 3405 343 3484 δαίμονα(
366 3405 475 3483 εἰπεῖν,
498 3407 642 3485 χθονὸς
664 3406 790 3485 αὔχημα
811 3407 956 3485 μέγιετον
980 3403 1105 3486 dicitur,
1133 3403 1166 3466 id

37 3512 111 3592 quud
132 3513 276 3578 Porsenc
298 3517 331 3577 et
353 3513 540 3578 Hermanno
567 3515 704 3598 placuit,
736 3537 797 3580 nec
818 3515 948 3578 resectis
971 3535 1043 3578 cum
1065 3511 1100 3576 F.
1125 3511 1165 3576 G.

38 3617 204 3686 Schmidtio
236 3626 268 3687 et
301 3621 544 3689 Schneidewino
573 3627 761 3691 Πέλοπα(
794 3626 892 3690 πώ-
923 3624 1055 3709 syllabis
1086 3645 1167 3708 quae

36 3737 168 3816 restant,
192 3735 268 3800 οὔδ’
290 3735 326 3798 ἐν
347 3739 388 3818 πᾷ
409 3735 529 3818 μεγάλᾳ
551 3736 675 3814 Δωρίδι
695 3736 783 3820 νάεῳ
806 3737 885 3800 ποτὲ
910 3736 1055 3816 βλαετόν,
1081 3735 1166 3819 quic·

36 3860 123 3920 quam
145 3865 208 3927 quo
235 3843 429 3926 displiceant
450 3842 580 3908 habent.
625 3844 738 3928 Itaque
767 3867 838 3910 cum
864 3867 930 3909 non
957 3867 1035 3909 sane
1062 3844 1167 3907 minue

36 3947 123 4014 facile
146 3952 274 4037 aliquod
296 3951 487 4018 intercidere
510 3953 697 4017 vccabulum
725 3976 800 4019 casu
828 3955 968 4038 potuerit
994 3977 1088 4039 quam
1111 3953 1166 4017 ali-

36 4059 101 4140 quid
125 4061 264 4126 adscribi
286 4061 521 4146 interpretandi
544 4086 666 4146 caussa,
691 4065 894 4152 consequitur
915 4069 961 4149 ut,
984 4087 1061 4129 num
1083 4063 1166 4147 quod

35 4177 254 4253 argumentum
275 4173 310 4237 in
331 4177 483 4257 promptu
503 4175 546 4238 sit
571 4175 795 4239 necessitatem
816 4176 956 4258 habens,
984 4176 1165 4259 quaeratm.

36 4273 106 4343 llius
126 4283 212 4346 modi
235 4289 342 4348 autem
357 4305 424 4348 non
439 4305 536 4348 unum
551 4287 679 4368 praesto
694 4307 774 4369 esse,
796 4285 851 4350 scd
867 4286 928 4349 duo
950 4285 1167 4369 intellegimus

36 4407 127 4472 eaque
161 4391 195 4458 in
223 4393 356 4458 candem
385 4397 509 4480 partem
536 4395 688 4464 valentia.
733 4395 876 4460 Primum
903 4395 988 4462 euim
1014 4397 1167 4468 Πέλοπος
