2952 5132
421 363 540 410 ansvn
562 363 821 415 sosrrronruvs.
1129 353 1194 420 459

61 539 121 581 uon
142 517 182 581 ad
206 515 382 580 Alexandri
405 517 544 580 aetatem
566 518 707 602 rettulit,
736 519 791 583 sed
814 523 959 604 spectare
988 523 1028 586 ad
1050 523 1210 607 mythice.

61 630 198 710 tempora
218 626 441 710 antiquissima
456 625 668 692 Macedonum
691 629 842 695 coniecit:
865 653 978 715 parum
1000 632 1033 696 id
1055 633 1192 716 quidem,

60 736 181 820 siquid
208 735 315 819 rideo,
345 735 385 800 ad
413 735 667 820 persuadendum
695 739 851 822 apposite.
896 739 964 815 Quo
998 763 1069 805 eum
1102 765 1192 826 prae·

62 869 164 931 gressa
197 845 311 911 scholii
342 845 508 930 Euripidei
540 846 638 911 verba
671 848 845 933 duxerrmt,
880 871 961 934 quae
994 850 1191 918 haec-sunt:

61 959 129 1023 καθ’
144 957 229 1037 ἅμμα
250 954 369 1043 λόεειν]
393 956 481 1036 παρὰ
502 959 561 1036 τὴν
584 959 773 1038 παροιμίαν,
801 959 868 1038 ἥτιε
896 959 978 1027 ἐετίν
1003 962 1084 1042 «οὐχ
1108 963 1192 1042 ἅμμα

62 1069 194 1133 λόεειε».
218 1067 338 1147 εἴρηται
354 1069 390 1132 δέ
405 1066 470 1132 ἀπὸ
483 1067 631 1146 τοιαύτη(
647 1068 759 1133 αἰτίαι·
781 1072 848 1134 τοί(
864 1071 962 1149 Φρυξὶ
977 1071 1074 1148 λόγοε
1097 1072 1191 1154 ἐδόθη

61 1179 175 1245 ἐκεῖνον
199 1177 392 1258 βαειλεόεειν
422 1181 477 1256 τῆ(
499 1177 618 1255 Ἀείαε,
647 1179 684 1244 δε
711 1179 752 1245 ἂν
780 1182 836 1258 τῆ(
863 1179 988 1260 όπήνηε
1017 1184 1107 1247 λῡεαι
1133 1183 1192 1249 τόν

60 1289 165 1368 δεεμόν
188 1287 337 1367 δυνηθείη
359 1291 428 1366 τῆε
455 1288 666 1367 κομιεόεηε
695 1289 822 1354 Μίδαν
852 1289 906 1355 εί(
929 1291 1120 1370 Φρυγίαν,
1155 1293 1192 1358 tc

60 1397 94 1475 ἠν
115 1398 303 1476 ἀμπέλινος,
333 1399 359 1482 qr
384 1397 570 1464 ευνεδέδετο
600 1397 618 1462 6
641 1399 735 1474 ῑυγόε
764 1399 815 1462 ιιαλ
842 1399 861 1464 6
885 1399 992 1479 ῥυμόε.
1037 1401 1135 1478 λόγος
1157 1403 1192 1468 δέ

60 1508 263 1589 Ἀλέξανδρον
284 1510 427 1573 διαλῡεαι
449 1507 600 1574 ἐξελόντα
620 1508 679 1574 τόν
701 1508 839 1588 ἔμβολον
862 1511 888 1592 ᾧ
911 1509 1072 1590 κατείχετο
1096 1511 1114 1576 6
1138 1512 1191 1590 γλυ-

60 1619 125 1696 μότ,
147 1619 182 1683 ἐν
210 1623 260 1703 τῷ
288 1617 463 1702 ἐγχειριδίῳ
486 1617 691 1696 ἀποτεμόντα
718 1619 795 1698 μετὰ
816 1621 876 1698 τὴν
899 1619 951 1684 ἐπί
975 1620 1114 1705 Γρανίκῳ
1137 1621 1192 1700 μά-

61 1748 121 1806 χην.
152 1729 269 1804 γε’γονε
296 1729 332 1793 δέ
359 1727 378 1792 6
401 1728 610 1808 Ἀλέξανδροι
637 1729 716 1793 κατὰ
741 1730 818 1794 τοίιε
846 1729 1015 1809 Εὐριπίδου
1044 1729 1190 1810 χρόνουα

61 1843 265 1916 παροιμιῶδεε
283 1836 343 1902 οὖν
365 1837 448 1904 ἐετιν
464 1837 516 1903 ἐπί
529 1841 596 1904 τῶν
611 1838 768 1906 διίελυτόν
784 1859 812 1904 τι
827 1839 1078 1920 ἐπιχειρούντων
1094 1843 1191 1905 λῡιαι.

62 1948 202 2027 Μαρεόαε
223 1948 262 2012 δέ
283 1996 290 2010 .
314 1997 320 2010 .
345 1945 366 2035 .]

135 2055 208 2141 (XI)
247 2055 335 2120 Hinc
364 2077 557 2140 quamquam
592 2056 675 2120 nihil
711 2056 788 2121 licet
817 2057 856 2122 de
885 2058 1038 2122 mediocri
1069 2059 1192 2123 ambitu

62 2166 240 2248 scriptorum
270 2166 312 2229 ab
338 2165 467 2249 Marsya
495 2164 696 2250 Philippensi
728 2167 959 2232 Macedonicon
987 2171 1074 2232 certo
1104 2169 1191 2232 colli·

62 2295 144 2358 gere,
166 2276 287 2361 quippe
309 2275 364 2360 qui
386 2296 440 2358 ea,
464 2297 545 2360 quae
566 2275 631 2339 iam
653 2279 851 2359 pertractata
873 2299 892 2342 a
911 2277 1036 2342 Pellaeo
1056 2277 1189 2361 videret,

62 2385 189 2466 potuerit
215 2385 389 2450 summario
417 2384 556 2471 quodam
582 2388 743 2469 coartare,
774 2387 900 2452 uberius
929 2408 980 2451 res
1008 2387 1048 2451 ab
1071 2388 1189 2472 olymp.

66 2495 166 2576 naa
194 2498 306 2581 gestas
332 2495 494 2579 persequi:
531 2497 641 2560 tamen
667 2499 795 2562 tantum
823 2497 977 2581 efficitur,
1006 2497 1059 2560 vir
1087 2498 1191 2562 locum

64 2603 319 2670 inldacedonicis
341 2606 486 2670 invenire
510 2603 714 2692 [quamquam
735 2605 884 2670 dissentit
898 2606 1070 2672 Muellerus
1087 2629 1119 2691 p.
1135 2605 1189 2696 45]

63 2713 241 2780 scholiastae
273 2714 308 2778 in
333 2713 479 2778 Platonis
508 2714 696 2780 Conuiuium
725 2739 756 2800 p.
780 2717 843 2781 373
871 2715 973 2780 Bekk.
1004 2714 1078 2803 [958
1100 2716 1189 2805 Tun]

64 2821 96 2886 de
120 2825 292 2910 Agathone
319 2824 551 2889 testimonium:
588 2827 639 2891 καί
666 2827 749 2906 πρὸ(
777 2827 950 2908 Ἀρχέλαον
978 2827 1036 2892 τόν
1064 2827 1191 2907 βαειλέα

64 2935 166 3017 ᾤχετο,
190 2935 236 3001 dac
254 2936 436 3016 Μαρειίαε
454 2935 496 3020 [6]
512 2937 720 3017 νεώτεροι.
754 2933 907 3022 [Quocum
930 2936 1080 3000 convenit
1101 2935 1191 3000 scho-

65 3041 100 3104 lio
119 3043 278 3108 Lucianeo
296 3065 316 3107 a
334 3047 484 3109 Cramero
506 3043 592 3108 edito
614 3045 738 3110 Anecd.
762 3045 865 3110 Oxou.
895 3045 957 3110 vol.
981 3045 1029 3109 IV
1057 3067 1089 3128 p.
1112 3045 1191 3110 269:

64 3155 125 3226 μεθ’
146 3153 183 3218 οὗ
208 3153 399 3237 (praecessit
418 3159 478 3218 τοῦ
500 3155 666 3240 τραγικοῦ)
688 3155 770 3236 πρόε
787 3156 961 3235 Ἀρχέλαον
983 3155 1041 3223 τόν
1065 3155 1192 3237 βαειλέα

65 3289 173 3366 ᾤχετο,
206 3289 252 3354 ὼε
282 3289 468 3368 Μαρεύαε
495 3289 514 3354 6
544 3290 751 3369 νεώτεροεε
780 3290 835 3353 ubi
864 3291 908 3356 ιίιε
929 3253 1020 3371 pauci
1041 3295 1076 3357 τέ
1097 3255 1188 3372 vade*

66 3395 217 3486 coder.*)]
269 3396 355 3462 Nam
383 3401 419 3462 ut
443 3399 528 3462 hunc
556 3398 625 3481 ipso
657 3398 750 3463 initio
778 3399 875 3482 primi
907 3401 982 3465 libri
1014 3403 1191 3466 statuamus

64 3505 192 3583 priorum
213 3529 329 3591 regum
350 3506 565 3572 successiones
588 3529 805 3593 summamque
828 3511 1016 3594 antiquioris
1038 3510 1191 3575 historiae

65 3610 280 3680 Macedonicae
302 3616 635 3700 pauciscomplerum
657 3639 735 3700 esse,
759 3620 869 3682 tamen
891 3619 926 3683 in
948 3620 1015 3683 eius
1032 3621 1116 3684 modi
1140 3621 1191 3685 de-

47 3720 171 3787 lectam
204 3725 467 3810 gravissimorum
501 3726 642 3809 capitum
669 3727 775 3809 ecquis
808 3728 870 3791 sibi
901 3729 1093 3812 persuadeat
1124 3733 1192 3794 tam

66 3821 156 3896 levein
176 3855 244 3898 rem
267 3855 335 3898 esse
358 3833 529 3918 adscitam,
558 3835 661 3920 qualis
684 3835 805 3919 aliquot
832 3841 997 3921 poetarum
1020 3839 1192 3903 artificum-

66 3960 117 4019 que
139 3941 270 4025 (habuit
297 3943 382 4007 enim
415 3945 517 4009 socios
549 3945 642 4009 istius
675 3945 944 4030 peregrinationis
977 3947 1123 4032 Agatho)
1158 3949 1192 4012 in

68 4045 280 4118 Macedoniam
313 4053 469 4118 adventus
501 4053 587 4118 fuit?
630 4053 692 4119 Sed
727 4055 782 4118 ubi
813 4055 940 4140 quidem
973 4057 1039 4120 eius
1068 4057 1192 4120 itineris

126 4279 149 4344 *)
173 4279 253 4349 [Huic
269 4279 398 4348 Marsyae
415 4279 570 4336 narrationi
588 4297 638 4335 sua
656 4280 758 4336 debere
775 4281 1004 4358 Aelianumvar.
1024 4281 1089 4338 hist.
1110 4284 1142 4351 ΙΙ,
1161 4291 1192 4338 21

68 4367 211 4438 suspicatur
227 4372 391 4429 Welcherus
408 4373 443 4429 de
461 4372 614 4443 tragoediis
632 4373 741 4444 graecis
758 4374 798 4430 III
814 4393 842 4446 p.
860 4377 930 4446 986]
