2942 5134
308 298 369 359 376
659 313 705 358 nu
730 311 901 359 ansonrm
926 311 1092 360 vansrnvs

393 466 498 549 Atque
521 464 574 528 hic
596 465 692 528 finem
714 465 950 548 imponeremus
973 465 1184 548 disputationi
1205 469 1324 547 nostrae,
1351 466 1398 528 nisi

308 575 403 638 nimis
427 575 561 639 confinis
585 575 647 637 alia
670 576 758 638 labes
782 580 880 658 esset,
904 597 999 660 quam
1020 597 1086 639 uon
1109 575 1339 639 animadversam
1357 577 1399 638 cri-

308 686 380 748 ticis
403 707 469 748 non
491 685 672 749 dubitamus
696 686 772 769 quin
795 690 908 768 poetae
930 686 1027 748 verba
1048 686 1216 749 traxerint.
1250 683 1318 760 Quid
1336 685 1400 747 enirn

308 817 376 858 esse
399 795 540 859 dicamus
563 795 647 879 quod
669 795 732 858 illis
755 818 831 879 quos
853 796 1061 860 tractavimus
1081 797 1221 860 versibus
1241 796 1271 858 hi
1291 796 1401 858 continu-

309 911 419 971 antur:

511 1052 634 1114 τοιαῦτ’
657 1051 796 1129 ἐπεύχου
819 1053 858 1128 μὴ
882 1051 1082 1131 φιλοςτόνως
1105 1054 1200 1128 θεοῖς,

511 1163 585 1238 μηδ’
609 1162 644 1224 ἐν
667 1161 808 1237 ματαίοις
831 1161 971 1239 κάγρίοις
994 1160 1215 1241 ποιφύγμαςιν.

308 1344 372 1409 Vbi
389 1346 455 1408 sive
472 1351 627 1436 ‘precare’
645 1347 711 1409 sive
727 1352 829 1409 ‘vove'
845 1346 977 1409 verteris
1001 1348 1150 1426 ἐπεύχου,
1173 1347 1262 1411 nihili
1283 1346 1335 1410 erit
1348 1367 1404 1428 quac

261 1467 288 1516 xl
309 1455 414 1538 prodit
436 1457 607 1519 sententia.
653 1456 793 1520 Voverut
820 1457 946 1539 quidem
970 1456 1132 1539 Eteoclea,
1167 1459 1221 1522 sed
1248 1480 1281 1521 ea
1307 1473 1404 1520 vorem

309 1588 388 1649 quae
411 1567 479 1648 ipse
502 1589 559 1649 pro
581 1588 614 1629 se
637 1566 720 1629 solus
742 1568 952 1649 praestiturus
975 1571 1058 1630 erat:
1081 1589 1147 1631 non
1170 1569 1279 1652 potuit,
1301 1568 1323 1630 si
1343 1588 1405 1648 sapo-

309 1679 367 1756 ret,
393 1676 443 1738 vel
466 1677 576 1739 eadem
599 1678 649 1738 vel
671 1676 749 1738 talia
774 1699 887 1740 vovere
910 1677 1006 1739 etiam
1022 1678 1165 1762 virgines
1187 1678 1299 1759 iubere,
1321 1701 1336 1739 a
1355 1699 1407 1759 quu-

308 1807 378 1846 rum
411 1786 554 1867 personis
588 1786 643 1848 illa
679 1789 770 1849 erant
804 1787 1009 1850 alienissima.
1055 1787 1098 1850 Ec
1129 1787 1208 1851 satis
1231 1788 1264 1851 in
1284 1786 1406 1871 principio

308 1894 479 1975 orationiS,
510 1917 590 1978 quae
619 1899 822 1980 utrorumque
845 1898 951 1960 officia
974 1901 1095 1980 essent,
1124 1897 1174 1960 his
1204 1899 1303 1962 vorbis
1328 1897 1406 1958 discri-

308 2003 503 2068 minaverat:
534 2007 631 2084 εὔχου
653 2009 691 2070 τὰ
715 2008 842 2086 κρείςςω
872 2007 917 2090 (h.
942 2030 969 2071 e.
995 2008 1120 2071 saniore
1148 2009 1271 2072 ratione
1298 2028 1406 2092 precare

308 2117 487 2194 ξυμμάχους
510 2115 590 2180 είναι
614 2118 724 2180 θεούς·
749 2118 857 2195 κάμῶν
880 2118 1032 2182 ύεκούςας>
1056 2120 1221 2196 εὐγμάτων
1245 2119 1327 2202 (be.
1346 2123 1406 2180 voto

308 2227 392 2309 rum)
416 2226 524 2290 ἔπειτα
540 2229 575 2290 ςὺ
592 2227 775 2304 ὀλολυγμὸν
790 2227 861 2306 ἱρὸν
885 2229 999 2306 εὐμενῆ
1016 2231 1183 2293 παιάνιςον
1200 2230 1231 2292 h.
1250 2251 1276 2293 e.
1292 2230 1407 2293 sollenne

309 2357 410 2419 genus
434 2336 514 2399 bene
538 2337 731 2419 compositae
754 2338 949 2419 precationis
977 2338 1091 2419 funde,
1122 2341 1299 2422 oppositum
1319 2339 1346 2402 id
1363 2337 1407 2418 qui·

309 2445 380 2507 dem
403 2446 565 2509 subitariis
589 2469 626 2510 ac
641 2447 855 2510 tumultuariis
872 2448 984 2531 quibus
1001 2452 1096 2511 antea
1113 2449 1307 2513 indulserant
1322 2451 1408 2511 lancu-

309 2555 361 2634 us,
386 2555 436 2617 vel
459 2556 540 2638 quod
565 2556 674 2619 eodem
696 2557 778 2620 redit
809 2559 1011 2638 φιλοςτόνοις
1039 2560 1180 2637 ματαίοις
1209 2560 1339 2640 κάγρίοις
1362 2577 1407 2618 ποι-

309 2667 476 2745 φύγμαςιν.
520 2665 608 2749 Ergo
633 2675 786 2749 ‘precare’
812 2671 860 2730 est
882 2669 1032 2747 ἐπεύχου.
1077 2668 1195 2731 Verum
1218 2669 1349 2733 additum
1366 2687 1407 2730 τοί-

309 2779 389 2839 αῡτα
413 2777 466 2858 qui
488 2777 606 2858 poterit
629 2800 693 2840 non
717 2779 755 2839 ud
779 2778 923 2860 proxima
945 2799 1025 2860 quae
1048 2779 1253 2860 praecedunt,
1277 2777 1407 2861 inquibus

309 2888 417 2947 tumen
440 2885 527 2948 nulla
550 2887 702 2968 precandi
724 2888 845 2950 mentio
867 2888 965 2968 sacta,
990 2888 1045 2951 sed
1069 2888 1108 2950 ad
1131 2889 1186 2951 illa
1205 2890 1312 2953 referri
1332 2911 1345 2950 u
1364 2886 1407 2968 qui

309 2995 367 3055 bus
389 2994 488 3076 ipsius
511 2998 577 3058 voti
593 2997 734 3060 Eteoclei
758 2997 927 3060 intervallo
950 3003 1133 3079 separatum
1157 2999 1228 3062 est?
1259 3001 1320 3063 Aut
1339 2996 1408 3080 igitur

308 3103 416 3165 omnia
448 3103 567 3167 fallunt
601 3111 655 3168 aut
688 3129 752 3169 non
787 3107 947 3190 integrum
988 3109 1110 3171 codices
1151 3111 1237 3194 regis
1270 3108 1407 3173 orationem

309 3217 486 3275 servarunt.
532 3213 599 3277 Nec
633 3215 801 3298 ignorant,
837 3218 889 3300 qui
923 3218 1060 3301 aliquem
1087 3241 1178 3282 usum
1206 3220 1322 3283 habeut
1344 3217 1407 3278 huia

310 3323 397 3404 artis,
423 3345 649 3408 quamsaepe,
681 3326 733 3388 ubi
757 3329 853 3390 cuna
877 3328 1005 3410 gravius
1028 3329 1150 3391 turbari
1174 3335 1315 3412 coeptum
1334 3329 1370 3389 cai
1387 3324 1406 3382 iu

309 3437 450 3496 ueterum
473 3434 578 3516 Ebrio,
607 3435 781 3498 mirimodis
805 3438 904 3499 mixta
928 3459 964 3500 ea
993 3439 1062 3520 ipsa
1090 3440 1150 3501 duo
1177 3461 1294 3522 genera
1315 3455 1406 3512 corrup

309 3542 391 3604 telae
413 3542 601 3626 habeantur,
626 3568 758 3628 quorum
781 3548 915 3610 alterum
940 3549 1073 3629 lacuum,
1098 3549 1336 3632 interpolatione
1354 3543 1407 3606 ahc

309 3673 378 3712 rum
402 3654 592 3717 continetur.
624 3655 722 3718 ‘Velut
737 3656 800 3718 hau
823 3657 916 3720 dubio
938 3657 1023 3720 illius
1039 3679 1146 3720 versus
1169 3649 1405 3743 interpolatione

309 3765 357 3822 est
385 3762 419 3823 in
442 3762 503 3824 hac
529 3764 637 3826 fabula
669 3768 741 3829 lib:
776 3769 908 3830 τοιαῦτα
934 3768 991 3830 τᾶν
1017 3771 1137 3843 γυναιξὶ
1160 3771 1314 3834 ςυνναίων
1339 3767 1405 3840 ἔχον·

309 3871 427 3933 sociam
450 3871 561 3935 habuit
586 3875 665 3937 alius
690 3877 807 3938 senarii
830 3878 1001 3958 iacturam,
1026 3900 1119 3960 quem
1142 3900 1207 3942 non
1230 3868 1404 3962 improbabili-

308 3986 357 4043 ter
379 4005 470 4064 posse
493 3984 590 4046 talem
612 3985 710 4048 fuisse
733 3986 915 4048 Dindorfius
947 3987 1097 4052 coniecit:
1142 3992 1252 4070 τοιγὰρ
1273 3980 1404 4066 προφωνίυ

309 4096 401 4156 πᾶςιν
424 4094 548 4172 ἡςύχως
571 4096 664 4173 ἐχειν.
711 4095 795 4158 Hinc
819 4097 919 4180 igitur
935 4099 1165 4162 consectarium
1188 4122 1254 4164 esse
1276 4098 1328 4162 hoc
1345 4089 1404 4152 vuiu-

309 4222 388 4280 mus,
412 4206 447 4263 ut
470 4225 488 4265 a
511 4205 576 4266 voti
600 4207 800 4288 susceptione
823 4229 879 4270 sua
902 4207 941 4269 ad
966 4207 1053 4271 chori
1076 4209 1319 4274 cohortationem
1338 4201 1403 4265 Eteo

309 4310 371 4371 cles
400 4311 456 4373 toli
485 4313 550 4375 fere
579 4315 671 4378 modo
702 4317 880 4380 transierit:
918 4320 1044 4382 τοιαῦτ’
1066 4320 1129 4395 ἐγὼ
1153 4323 1210 4400 μὲν
1232 4320 1358 4399 εὔχομαι.
1380 4307 1403 4367 (ί
