3068 5194
571 310 843 363 PLAUTINISCHES
868 316 1052 364 scitothox.

284 478 394 533 initium
431 475 548 547 attidem
580 477 807 533 commistorum
843 475 995 532 uolumina
1029 475 1252 548 quadrinpcnta
1287 477 1382 548 milia,

284 586 462 659 simplicium
485 591 583 642 antem
606 590 634 642 et
656 584 839 656 dipestorum
862 585 946 642 milia
968 587 1151 657 nortapiuta,
1176 587 1267 644 sicuti
1286 584 1389 658 refert,

286 695 466 753 Callimrmus
493 696 610 752 auctions
638 694 752 765 llepins
778 694 1024 753 bibliothecarius
1056 696 1109 767 oui
1134 696 1223 752 etiam
1255 695 1385 767 sinordis

285 805 480 863 uoluminibus
502 805 603 863 titulos
629 805 790 876 inscripsit.
836 804 908 861 Fuit
935 810 1097 877 praeterea
1125 805 1177 877 qni
1205 805 1283 862 idem
1306 819 1384 862 asse-

285 922 364 974 ueret
385 914 591 971 eratosthenes
613 930 670 971 non
695 915 739 970 ita
766 916 859 971 multo
883 921 951 987 post
984 914 1113 971 eirtsdem
1148 921 1246 971 custos
1281 913 1385 971 hihlio-

285 1027 399 1084 thecae.
416 1024 470 1081 hec
485 1031 583 1082 audem¹
602 1022 733 1093 ficerunt
749 1025 879 1081 alriniunt
900 1025 1087 1095 populumne
1108 1025 1284 1094 linpuarum
1307 1039 1385 1096 quae

285 1135 396 1192 hahere
416 1135 514 1207 potuit
536 1134 625 1190 doctu
649 1134 799 1190 colsuaina
825 1149 903 1205 arture
924 1149 1037 1190 scotoma
1066 1133 1222 1203 dilipentia
1244 1133 1312 1191 Rea
1335 1134 1385 1190 ille

286 1247 316 1302 in
352 1259 436 1301 suum
473 1243 610 1313 linquam
642 1241 720 1312 [ecit
757 1242 794 1299 ah
832 1244 950 1314 optimis
986 1242 1199 1316 interpretibus
1236 1244 1382 1301 conuerti.

287 1353 421 1411 Ceterum
438 1353 615 1424 pisistratus
641 1367 781 1438 sparsam
804 1354 893 1425 prius
921 1352 1037 1408 homeri
1057 1353 1172 1424 poesim
1195 1359 1266 1410 arcte
1291 1353 1383 1425 ptole-

286 1478 401 1520 maeum
419 1461 650 1534 philadelphum
667 1463 755 1519 uternis
771 1463 905 1519 diluentis
920 1468 949 1518 et
964 1463 1101 1518 coelium
1123 1463 1253 1534 amplius
1271 1462 1388 1520 sollerti

286 1588 362 1631 euru
391 1573 420 1629 iu
444 1588 480 1628 ca
511 1587 588 1642 quirce
609 1588 688 1628 num
710 1578 817 1628 eatam
840 1573 957 1642 redepit
984 1572 1134 1629 uolumina
1163 1587 1232 1628 usus
1260 1572 1304 1628 ad
1329 1571 1385 1630 hoa

287 1698 361 1755 opus
383 1682 513 1738 diuinum
537 1682 685 1738 industria
708 1686 853 1752 qtcuttuor
881 1681 1139 1738 celelrerrimmum
1168 1688 1196 1737 cl
1213 1681 1385 1739 emcditissi·

286 1806 401 1848 morum
416 1791 567 1848 hominum
590 1790 725 1846 uidelicet
741 1791 865 1863 Cortcpli
880 1791 1070 1848 ttnomucriti
1090 1787 1240 1848 cttlreaien.
1274 1790 1388 1866 Zopyri

286 1901 478 1958 heracleotae
499 1905 527 1956 et
544 1897 656 1971 thphei
676 1900 874 1955 credoniutuc.
899 1915 968 1956 terrm
991 1902 1120 1972 carptim
1139 1902 1229 1973 prius
1249 1900 1388 1958 homerrrs

287 2017 315 2068 et
339 2026 397 2067 non
424 2009 482 2065 nisi
509 2009 690 2082 difficillime
717 2009 880 2078 lepelmtur.
929 2009 1000 2078 Ouum
1030 2011 1120 2067 ctiam
1146 2016 1213 2082 post
1237 2011 1388 2082 pisistrati

287 2135 393 2178 curam
415 2127 444 2175 et
463 2119 626 2191 ptolemaei
646 2119 832 2190 dilipentium
856 2120 1045 2177 aristarchus
1069 2118 1169 2177 udlntc
1197 2121 1335 2178 exactius
1357 2122 1384 2178 in

287 2230 403 2288 homeri
434 2229 616 2285 elimandum
649 2229 852 2286 collectionem
883 2230 1029 2300 nipiluoit.
1080 2228 1262 2286 Heliodorus
1291 2231 1384 2287 ntalta

288 2342 378 2397 aliter
406 2347 538 2410 rumpatur
567 2354 645 2410 nultra
671 2340 760 2409 tonpo
783 2340 911 2394 cercinitio
933 2341 1031 2396 accius
1057 2339 1260 2411 reprehendit.
1307 2338 1384 2394 Nam

289 2445 325 2506 ul'
349 2448 482 2505 Lh'h'll.
508 2448 623 2505 (lucullus
639 2449 734 2505 cloctis
757 2449 830 2504 uiris
853 2463 871 2501 n
893 2449 1049 2519 pisistrato
1071 2449 1140 2506 leuic
1157 2451 1275 2520 hepatia
1294 2465 1383 2521 prae·

286 2559 391 2631 positis
415 2557 487 2612 dicit
510 2557 659 2614 homerum
691 2559 734 2612 itu
759 2555 857 2624 fuisso
878 2559 1081 2632 compositum.
1113 2559 1166 2630 qui
1192 2557 1310 2631 quidem
1338 2574 1385 2616 zc-

289 2667 395 2724 nodoti
408 2673 436 2721 ct
450 2665 617 2722 aristarchi
638 2666 789 2722 irulustria
811 2667 944 2723 trtrtrrihus
963 2669 1135 2738 peculatam
1151 2668 1384 2740 ccrnnproharint,

289 2777 371 2849 quod
391 2781 511 2833 carustut
528 2774 625 2844 tuisse
644 2773 850 2844 scrisisshnum.
882 2778 993 2848 alcippe
1015 2793 1081 2834 citra
1104 2779 1183 2834 luter·
1200 2778 1385 2849 pisistratum

290 2893 317 2943 et
333 2886 518 2943 Zenodotion
537 2882 657 2964 fecerint
679 2886 756 2941 unici
775 2901 869 2955 supra
893 2885 1041 2942 (luceolos.
1075 2886 1269 2944 Aristarchus
1290 2892 1386 2944 autem

290 3002 434 3068 qttattuor
456 2995 545 3050 trinnis
567 2995 665 3050 rrcirtor
685 2992 783 3063 fucrit
798 2996 862 3066 ipso
885 3002 915 3050 et
931 2995 1083 3052 Zcruotloto
1099 3001 1188 3067 (stoue
1208 2996 1385 3068 ptolemaeo.

334 3208 460 3291 Frngon
477 3209 533 3270 wir
556 3209 710 3271 unnhohsh
734 3209 817 3270 nnoh
841 3209 911 3270 (lem
929 3208 1115 3291 Ursprnugo
1138 3209 1240 3271 dieser
1262 3231 1387 3293 galuren

248 3318 477 3399 Atnnorkung,
519 3342 552 3378 so
587 3319 676 3380 tenet
707 3342 765 3380 uns
806 3319 856 3380 die
891 3317 1131 3400 Verginiohung
1164 3318 1219 3380 der
1253 3319 1387 3403 iibrigeu

249 3428 396 3491 Scholion
426 3426 480 3489 (les
505 3428 609 3490 (hules
639 3428 736 3490 nicht
767 3429 823 3489 anf
849 3429 908 3489 tlon
939 3427 1099 3511 riclaigcn
1122 3428 1217 3510 Wog.
1264 3429 1302 3491 111
1329 3429 1386 3492 ita-

249 3536 371 3599 lischen
387 3536 612 3599 Bibliothohen
636 3539 733 3599 liutici
751 3538 819 3600 sich
840 3536 929 3599 tnnehr
951 3539 997 3598 uls
1014 3538 1084 3600 eins
1108 3538 1387 3601 I'lnutinisoho

216 3646 460 3708 sHundsehrift
491 3647 548 3708 11111
577 3646 780 3727 Scholion,
812 3668 908 3728 sogal·
936 3648 994 3708 11111
1023 3647 1095 3708 sehr
1122 3647 1306 3728 getuliam,
1338 3647 1387 3709 die

249 3756 394 3818 tlenuoch
429 3756 517 3817 nicht
552 3756 633 3818 {ilius
666 3758 735 3818 sind
772 3758 818 3818 uts-
852 3757 908 3817 dus
941 3757 1128 3818 fnnfuehnte
1156 3756 1385 3819 lahrhundert.

252 3865 321 3926 thio
346 3865 393 3927 bei
412 3865 533 3927 andorn
555 3866 763 3928 lateinischon
784 3865 954 3936 lhiuhtern,
979 3888 1012 3924 so
1033 3867 1117 3927 heim
1136 3866 1265 3928 Plautus
1281 3888 1386 3928 waren

250 3997 361 4036 inisero
396 3974 604 4051 Ahnhorren,
644 3975 693 4036 1111·
727 3975 949 4036 italionisclten
984 3974 1169 4057 Philologen
1207 3977 1294 4038 oinos
1327 3999 1386 4038 nen

250 4085 479 4147 erssuchentlon
502 4084 800 4168 Bildungsporiodu,
827 4085 998 4166 friilmeihig
1016 4085 1076 4146 111111
1102 4085 1258 4148 duramus
1282 4086 1387 4169 asglos

253 4192 397 4274 ltonniihh,
427 4194 488 4256 (len
517 4195 647 4278 thihange]
677 4195 757 4255 ultor
781 4194 929 4256 Scholion
959 4195 1056 4256 ‹lnroh
1088 4196 1200 4278 sigone
1224 4195 1387 4257 111111111611-

188 4354 193 4365 .
250 4303 364 4372 tnrisn,
383 4325 465 4384 ganz
481 4305 516 4366 in
531 4305 586 4366 ‹lor
603 4303 854 4386 aphoristisohen
874 4303 1157 4368 ,θ’1111111111111111111111·ι
1179 4328 1214 4366 nn
1232 4309 1386 4368 orsutnun.
