2942 5134
318 327 380 389 366
667 342 713 388 on
736 340 907 388 ansonem
931 337 1098 388 versinus

520 496 626 572 (πέψω
649 495 713 571 πρὸ
735 498 825 557 ναῶν
848 492 1038 572 δονρίπηχθ’
1060 493 1172 567 ἁγνοί(
1194 492 1302 570 δόμοιο

520 604 643 667 τοιαῦτ’
666 604 805 682 ἐπεύχου
828 605 868 682 μὴ
896 603 1097 681 φιλοετόνωτ
1120 605 1205 666 θεοί(
1226 604 1285 665 κτλ.

403 821 446 885 Et
473 823 507 885 in
540 822 590 884 his
623 821 700 884 iIIud
734 821 876 904 quidem,
911 820 994 904 quod
1026 843 1083 904 pro
1116 821 1267 884 librorum
1294 819 1424 901 scriptum

319 940 611 992 ΟΥΔΑΠΙΕΜΗΝΟΥ
662 931 827 1013 praeclara
873 931 1030 1013 praeclari
1079 931 1217 993 auctoris
1263 929 1424 1006 emendatio,

318 1039 557 1103 Iacobi'GeeIii
588 1037 639 1125 [ad
667 1040 777 1122 Eurip.
808 1039 929 1104 Phoen.
960 1063 990 1122 p.
1017 1039 1111 1125 151]‚
1141 1040 1231 1104 ύδατί
1257 1041 1288 1105 τ’
1315 1042 1426 1116 Ἰτμηνού

319 1153 466 1232 suscepta
497 1153 561 1232 est,
602 1149 791 1212 meministis
825 1150 912 1212 omni
945 1171 984 1212 ex
1019 1152 1111 1232 parte
1145 1172 1164 1212 a
1196 1149 1288 1213 nobis
1319 1147 1426 1211 laudari.

319 1259 419 1323 Recte
452 1259 537 1323 enim
575 1263 686 1322 contra
720 1258 912 1322 Guilelmnm
944 1258 1159 1341 Dindorfium,
1198 1259 1252 1342 qui
1287 1257 1428 1341 reprobato

319 1391 413 1452 quam
441 1369 529 1451 prius
557 1369 748 1452 probaverat
775 1368 927 1432 Ludovici
961 1367 1071 1432 fratris
1099 1369 1283 1432 coniectura
1310 1369 1388 1431 docti
1409 1368 1430 1428 τ’

273 1496 301 1544 Iv
320 1479 492 1542 Geelianae
520 1468 681 1542 simillima
714 1479 784 1561 ipse
813 1479 912 1542 ὕδατά
937 1481 969 1543 τ’
1004 1481 1145 1557 Ἰτμηνοῦ
1176 1481 1263 1555 λέγω
1291 1477 1429 1540 suadebat.

320 1589 450 1653 Carolus
485 1587 631 1651 Prienius
664 1588 745 1651 dixit
776 1589 896 1652 Annal.
927 1587 1005 1670 phil.
1040 1591 1073 1651 et
1104 1587 1195 1670 paed.
1230 1588 1292 1651 vol.
1319 1583 1429 1649 LXVIII

320 1699 363 1781 (a.
389 1699 483 1781 1853)
535 1748 541 1760 .
567 1699 597 1779 9,
621 1699 717 1782 longe
740 1698 837 1761 aliam
859 1720 927 1762 esse
952 1698 1110 1761 rationem
1131 1699 1315 1760 monstrans
1336 1694 1432 1758 conlati

319 1830 338 1869 a
354 1806 519 1870 Dindorfio
542 1808 678 1890 exempli
694 1807 857 1890 Aeschylii
872 1808 977 1872 Prom.
995 1808 1035 1872 88
1051 1830 1134 1892 sqq.:
1161 1807 1274 1872 ὧδῑοε
1296 1808 1379 1884 αἰθὴρ
1397 1807 1433 1866 καί

319 1918 510 1996 ταχύπτεροι
539 1920 651 1999 πνοαί,
682 1923 838 1997 ποταμῶν
866 1938 900 1982 τε
929 1919 1041 1999 πηγαί,
1073 1919 1217 1982 ποντίων
1245 1939 1280 1982 τε
1308 1917 1432 1994 κυμάτων

319 2027 492 2106 ἀνήριθμον
507 2029 661 2106 γέλατμα,
685 2028 851 2106 παμμῆτόρ
867 2049 899 2091 τε
915 2032 970 2105 γῆ,
993 2029 1053 2091 καὶ
1074 2029 1132 2092 τὸν
1154 2027 1324 2105 πανόπτην
1339 2027 1433 2089 κύκλον

318 2137 409 2213 ἡλίου
438 2141 541 2213 καλῶ,
568 2138 670 2201 ίδετθὲ
698 2139 733 2214 μ’
760 2161 816 2199 ——z
850 2136 904 2199 ubi
933 2158 993 2199 neo
1025 2139 1108 2212 λέγω
1137 2135 1277 2218 positum
1307 2138 1367 2214 est,
1394 2131 1434 2194 sed

318 2247 418 2309 multo
441 2247 676 2330 significantius
699 2251 801 2328 καλῶ,
830 2249 861 2308 et
885 2249 970 2309 certo
994 2245 1125 2310 coneilio
1148 2244 1230 2309 Solis
1257 2245 1435 2328 potissimum

319 2356 525 2419 omnituentis
558 2356 718 2419 invocatio
752 2378 822 2419 curn
854 2356 884 2419 vi
923 2356 1059 2440 quadam
1095 2354 1283 2418 intenditur.
1340 2350 1436 2418 Ismeni

319 2469 426 2529 antem
448 2466 567 2530 mentio
590 2489 649 2529 nec
666 2489 776 2529 caussa
798 2488 858 2529 nec
878 2467 960 2529 ratio
982 2463 1174 2548 perspicitur
1196 2487 1251 2528 cur
1266 2465 1317 2528 vel
1340 2464 1436 2527 moion

319 2575 369 2640 vel
391 2577 513 2638 minore
531 2598 601 2639 enm
622 2575 762 2658 pondere
785 2598 880 2659 quam
897 2579 1072 2639 ceterorum
1093 2577 1263 2638 numinum
1285 2571 1436 2658 appellatio

319 2685 386 2748 fiat.
441 2685 528 2768 Ergo
568 2686 619 2749 vel
652 2686 737 2748 hono
774 2686 815 2748 ob
847 2707 913 2748 rem
946 2685 1038 2748 nihili
1078 2687 1161 2748 esset
1193 2685 1279 2768 quod
1318 2685 1357 2746 ab
1386 2683 1436 2764 ips·

319 2793 448 2858 Prienio
473 2818 543 2859 cum
564 2797 586 2858 I.
611 2819 635 2858 e.
660 2817 685 2858 s.
709 2798 777 2858 tum
800 2795 901 2858 Mosei
924 2796 1023 2858 nostri
1041 2795 1191 2858 Rhenani
1205 2795 1270 2857 vol.
1287 2794 1335 2858 IX
1349 2817 1377 2877 p.
1392 2791 1438 2853 ‘235'

319 2905 516 2988 propositum
532 2909 581 2968 est
596 2907 671 2970 οὐδ’
693 2905 751 2969 ἄπ’
774 2907 914 2985 Ἰτμηνόν
930 2908 1031 2981 λέγω,
1053 2904 1178 2968 etiamsi
1198 2927 1267 2968 non
1282 2903 1436 2968 accederet.

320 3015 402 3098 quod
424 3037 483 3078 nec
506 3015 752 3098 praepositionis
775 3016 838 3078 ista
860 3014 970 3078 tmesis
992 3014 1211 3078 defensionem
1232 3016 1370 3096 patitur,
1395 3034 1437 3072 nec

320 3125 450 3187 omnino
479 3147 516 3187 ea
550 3148 611 3208 qua
639 3126 693 3188 ille
721 3125 820 3188 voluit
848 3124 1084 3209 significatione
1106 3123 1287 3188 ‘Ismeuum
1316 3119 1437 3187 excludo.

319 3238 501 3318 praetereo’
531 3257 681 3319 graecum
710 3240 759 3298 est
787 3236 937 3311 ἀπολέγω
965 3235 1121 3314 Ἱτμηνόν,
1149 3256 1210 3298 nec
1233 3234 1261 3297 si
1286 3236 1381 3306 esset,
1406 3229 1438 3290 di·

320 3366 419 3428 gnum
435 3345 604 3426 Aeschylo.
640 3345 835 3427 Videturque
858 3367 943 3409 nunc
965 3345 1034 3427 ipse
1050 3343 1151 3408 Geelii
1174 3345 1309 3423 ἕρμαιον
1325 3343 1438 3426 probare

318 3455 352 3517 in
376 3455 534 3537 Symbolis
558 3455 676 3516 criticis
703 3454 847 3518 Lubecae
870 3477 972 3538 nuper
995 3455 1088 3517 editis
1111 3476 1142 3537 p.
1165 3454 1217 3518 38.
1268 3452 1332 3528 Qui
1354 3455 1438 3514 auten

319 3567 403 3641 λέγω
442 3564 588 3628 vocabuli
630 3587 720 3626 usum
763 3563 920 3647 quendam
962 3564 1219 3646 parentheticum
1263 3563 1439 3641 eundemque

320 3675 559 3757 epexegeticmn
582 3674 643 3736 huc
667 3674 780 3736 ascivit
796 3673 956 3736 Antonius
978 3673 1176 3737 howinskins
1199 3671 1344 3735 eiusdem
1359 3667 1439 3733 Mosei

319 3783 381 3846 vol.
398 3781 445 3845 XI
459 3805 491 3866 p.
508 3784 570 3847 305
593 3783 638 3846 sic
661 3784 757 3846 verba
780 3787 893 3865 poetae
914 3783 1093 3846 instaurare
1116 3782 1175 3844 sibi
1199 3782 1304 3845 visus:
1342 3781 1439 3858 Δίρκη(

319 3915 352 3958 τε
386 3897 516 3970 πηγαῖα,
556 3894 670 3956 ούθατ’
709 3895 847 3971 Ἰτμηνού
881 3895 981 3968 λέγω,
1021 3914 1086 3954 uon
1123 3891 1282 3974 cogitavit
1316 3890 1388 3975 (alio
1415 3903 1438 3945 ot

319 4004 458 4088 mittam)
482 4001 515 4064 id
538 4003 697 4065 contrario
719 4003 824 4084 potius
848 4001 957 4065 ordine
980 4001 1147 4065 dicendmn
1172 4000 1275 4064 fuisse
1299 3999 1401 4065 οὔθοτί
1418 3995 1440 4056 τἕ

319 4115 474 4195 Ἰτμηνού,
499 4114 618 4191 Δίρκη(
640 4115 744 4192 πηγὰς
768 4114 866 4188 λέγω;
890 4112 964 4174 talis
988 4112 1073 4174 enim
1095 4111 1177 4173 ratio
1200 4114 1250 4173 est
1275 4105 1439 4190 Aeschylio-

319 4241 389 4285 rum
411 4223 537 4285 illorum
559 4227 594 4284 ut
615 4221 682 4286 ἅλω
706 4226 741 4286 δὲ
763 4225 902 4302 πολλὴν,
931 4222 1062 4286 ἀεπίδο(
1083 4221 1201 4286 κύκλον
1224 4222 1314 4297 λέγω
1343 4219 1375 4282 in
1393 4215 1439 4277 hot

319 4332 444 4415 fabula,
469 4333 518 4396 vel
535 4335 670 4415 κέντημα
685 4334 841 4410 croccae,
866 4333 1018 4410 (κορπίου
1040 4333 1131 4412 βέλο(
1148 4332 1233 4405 λέγω
1249 4329 1286 4392 im
1303 4325 1440 4394 Kainon.
