3052 5136
373 376 519 431 scnsms
543 377 691 432 ceruicis
714 377 896 432 neisrvns.
1144 361 1204 430 tol

74 535 257 600 hlunckerus
285 533 326 600 ad
348 533 555 620 Fulgentinm
577 533 602 600 I.
627 535 679 599 27.
706 533 757 599 Ex
779 533 897 600 codicis
918 533 1056 599 lectione
1078 535 1205 599 facilius

74 645 164 710 etiam
186 647 348 726 Ἀλκέετη(
370 667 474 728 eruas,
498 667 593 728 qnam
616 645 767 726 formam,
791 646 900 708 nescio
922 645 1022 722 unde,
1046 644 1205 708 Gesnerus

74 761 103 818 et
128 755 323 820 l'acciolatus
354 757 390 820 in
419 755 544 820 hericis
572 754 637 818 suis
665 775 808 838 posuere.
855 756 1052 836 ltqpctvoutn
1073 755 1206 820 minime

73 869 137 928 erat
159 865 405 930 sollicitandum.

148 975 210 1039 Pro
225 975 378 1059 Apolline
401 978 434 1039 et
448 975 555 1039 Diana
576 975 677 1038 altero
692 975 811 1040 abhinc
833 997 919 1040 anne
941 997 1086 1040 caussam
1109 997 1205 1061 agere

74 1086 170 1168 coepit
192 1085 410 1150 Buttmannus
431 1086 465 1149 in
488 1089 738 1169 programmate,
762 1086 845 1169 quod
866 1091 900 1149 te
922 1086 1038 1150 vidisse
1060 1107 1163 1169 spero.

150 1194 306 1260 Horresco
321 1196 480 1278 referens,
504 1216 599 1280 quam
615 1195 675 1258 sim
691 1195 871 1280 negligens.
904 1195 993 1260 Haec
1009 1200 1085 1261 aute
1107 1217 1205 1259 unum

71 1325 204 1370 mensem
227 1309 260 1369 et
274 1305 406 1370 alterius
427 1305 592 1370 dimidium
614 1300 735 1388 scripta
758 1309 861 1387 erant,
885 1305 1127 1390 dissertatioque
1148 1310 1204 1370 tua

72 1435 131 1478 uua
154 1437 222 1479 cum
245 1414 306 1479 hac
329 1415 465 1499 epistola
488 1415 522 1480 iu
544 1437 655 1480 mensa
678 1437 749 1479 mea
771 1415 914 1497 iacebat,
943 1437 1062 1500 magno
1084 1416 1204 1500 paulla-

71 1524 125 1588 tim
148 1525 259 1590 obruta
282 1526 434 1590 librorum
457 1547 581 1590 acervo.
626 1525 726 1600 Quem
755 1547 815 1610 ego
842 1547 928 1589 nunc
950 1525 1025 1588 dum
1047 1547 1203 1609 removeo,

71 1634 181 1718 quippe
203 1635 300 1699 alium
323 1636 555 1720 aliquantisper
583 1637 724 1701 laborem
752 1637 955 1718 suscepturus
984 1635 1091 1720 (erant
1119 1637 1205 1700 enim

72 1744 173 1808 omnia
196 1745 348 1828 Aeschyli
372 1768 484 1810 caussa
508 1747 676 1830 congesta)
708 1745 965 1809 dissertationem
991 1749 1081 1810 tuam
1103 1746 1204 1829 video,

71 1852 219 1939 simulque
241 1856 277 1919 in
298 1859 437 1920 mentem
461 1855 560 1938 venit,
584 1855 752 1940 epistolam
775 1855 803 1920 ei
825 1854 940 1938 inesse,
964 1855 1117 1938 scriptam
1139 1857 1205 1939 qui-

71 1961 147 2046 dem,
171 1965 226 2028 sed
249 1966 391 2030 nondum
412 1966 590 2030 tabellariis
612 1966 776 2029 traditam.
810 1964 837 2029 0
860 1987 910 2028 me
928 1965 1038 2048 flagris
1060 1965 1204 2050 dignum,

71 2073 157 2138 nitu
179 2075 339 2159 ignoscas.
377 2075 467 2150 Quod
489 2075 551 2140 nisi
574 2076 673 2139 libros
695 2074 773 2139 istos
796 2075 1009 2156 removissem,
1033 2075 1116 2138 haud
1139 2078 1206 2140 scio

72 2204 109 2246 an
132 2183 229 2247 etiam
252 2186 334 2248 alter
356 2187 474 2249 mensis
497 2185 624 2268 elapsus
647 2191 744 2250 esset:
773 2207 964 2268 quamquam
986 2184 1041 2248 illo
1064 2185 1133 2268 ipso
1155 2185 1205 2249 die

72 2292 131 2356 alio
152 2295 247 2358 modo
270 2295 309 2358 de
337 2299 470 2378 peccato
497 2295 629 2360 fuissem
657 2295 847 2359 admonitus.
894 2293 1098 2358 Commodum
1121 2295 1206 2358 enim

70 2408 192 2485 reperta
227 2405 364 2489 epistola
398 2405 523 2469 litteras
552 2406 661 2489 accepi
690 2427 709 2468 a
737 2405 898 2487 lacobsio,
933 2404 1055 2488 collega
1087 2407 1142 2466 tuo
1174 2407 1207 2467 et

68 2513 177 2596 amico,
201 2515 255 2598 qui
279 2515 359 2578 mihi
374 2515 631 2578 dissertationem
653 2537 742 2578 suam
765 2515 803 2578 de
824 2513 989 2578 Plutarchi
1011 2514 1206 2598 alicmmque

68 2623 256 2706 scriptorum
279 2625 467 2708 quibusdam
495 2625 573 2689 locis
601 2625 700 2690 misit.
745 2624 803 2688 Cui
825 2629 861 2687 tu
883 2645 953 2688 meo
974 2624 1103 2688 nomine
1125 2624 1206 2688 inte-

68 2751 120 2794 rea
140 2733 238 2797 velim
260 2733 384 2818 gratias
407 2739 440 2799 et
462 2735 617 2799 maximas
639 2735 766 2820 quidem
794 2755 884 2818 agas.
928 2733 993 2798 Vbi
1014 2735 1122 2818 legero
1145 2733 1205 2798 dis-

67 2843 286 2926 sertationem,
316 2845 455 2908 scribam
487 2845 515 2908 ei
544 2845 629 2928 ipse,
659 2846 687 2908 si
713 2844 841 2928 quidem
868 2850 1053 2927 exspectare
1081 2844 1202 2909 didicit.

67 2951 259 3038 Aeschyleo,
282 2953 365 3039 quod
387 2954 581 3019 Eumenides
605 2975 691 3018 nunc
713 2955 839 3036 publice
862 2955 1071 3038 interpretor,
1094 2955 1169 3019 stat'

66 3059 204 3145 inspexi:
241 3063 277 3128 iu
299 3063 349 3127 hi
357 3113 366 3147 ,
395 3085 475 3147 quae
498 3064 654 3128 hactenus
676 3064 711 3127 in
733 3064 923 3128 lectionibus
951 3065 1030 3128 meis
1053 3065 1201 3147 tractavi,

64 3170 100 3234 de
120 3173 281 3258 plerisque
305 3174 346 3238 ab
369 3195 405 3238 eo
428 3173 598 3238 dissentio:
632 3173 671 3237 de
701 3175 834 3238 caeteris
864 3173 982 3238 videro,
1027 3173 1089 3240 Sed
1117 3195 1203 3240 nunc

64 3302 125 3346 non
147 3287 198 3347 est
213 3285 323 3348 otium.
357 3283 442 3348 Nam
457 3306 554 3368 quum
569 3283 682 3368 pridie,
706 3306 800 3368 quem
823 3283 902 3348 hacc
924 3283 1048 3367 scripsi,
1072 3285 1202 3349 nuncie-

64 3393 127 3456 tum
148 3393 229 3458 mihi
252 3397 344 3476 esset,
368 3393 480 3458 statim
502 3393 643 3478 imprimi
662 3393 777 3457 debere
792 3394 920 3457 titulum
942 3394 1201 3478 programmatis

63 3501 139 3583 quod
169 3503 328 3568 edendum
357 3507 456 3585 esset,
490 3503 628 3567 indicem
656 3503 804 3586 inscripsi
832 3503 1001 3568 schedulae
1029 3505 1130 3586 hunc,
1163 3504 1202 3567 de

63 3608 184 3696 legibus
208 3613 397 3696 quibusdam
419 3613 636 3677 subtilioribus
659 3616 813 3677 sermonis
836 3613 1018 3697 Homerici,
1043 3635 1096 3678 eas
1117 3618 1201 3678 trac·

63 3725 195 3807 taturus,
221 3745 300 3808 quas
315 3723 519 3788 Thierschius
541 3727 651 3787 noster
671 3745 774 3808 nuper
795 3724 829 3788 in
852 3724 933 3789 actis
955 3723 1202 3789 Monacensibus

61 3832 266 3917 neglexisset.
296 3833 345 3898 De
360 3833 474 3918 quibus
489 3833 615 3918 quidem
637 3833 702 3898 iam
717 3855 813 3917 quum
835 3834 924 3900 illam
946 3834 1202 3898 dissertationem

62 3940 219 4026 legerem,
243 3942 435 4027 conscripsi,
459 3966 557 4028 quae,
587 3944 616 4008 si
636 3965 759 4008 summa
782 3949 912 4029 urgeret
932 3945 1121 4027 necessitas,
1152 3945 1200 4008 vel

60 4035 121 4136 sic,
145 4056 182 4116 ut
203 4053 325 4138 scripta
347 4057 433 4137 sunt,
457 4053 508 4118 edi
530 4057 676 4137 possent:
714 4053 768 4117 sed
792 4055 942 4139 quoniam
964 4055 1011 4118 illi
1033 4076 1201 4120 numerare

61 4160 181 4242 placuit
203 4163 290 4228 locos
306 4163 448 4247 Homeri,
472 4185 666 4248 numeroque
681 4169 714 4227 et
728 4163 942 4247 multitudine,
966 4186 1061 4247 quam
1083 4165 1201 4228 virtute

60 4272 196 4336 rnilitum
219 4273 398 4357 decertare,
422 4273 604 4338 laciendum
627 4275 749 4357 putavi,
773 4278 810 4339 ut
831 4296 891 4357 ago
912 4295 1035 4358 qnoque
1057 4275 1200 4360 integras

60 4383 204 4446 cohortes
240 4389 461 4466 producerem:
499 4385 643 4467 suspicor
674 4385 760 4448 enim
792 4388 848 4448 aut
878 4385 982 4466 potius
1010 4384 1102 4448 video
1135 4407 1200 4449 non
