2952 5132
265 274 328 336 520
639 289 685 333 mr
708 287 836 334 ooorcn
860 287 1036 334 vnmunru

233 445 375 506 omento
398 463 577 522 careamus,
602 440 671 523 quis
694 459 811 522 quaeso
834 438 943 502 eredat
965 438 1205 521 interpolatoris
1226 440 1382 502 temeritate

267 551 403 616 conficta
431 552 522 614 esse?
558 553 594 612 ut
621 571 792 633 parumper
824 549 1000 632 largiemur
1032 549 1172 632 potuisse
1199 549 1287 633 fingi.
1327 549 1382 612 Nisi

267 660 394 745 quidem
416 661 496 723 miro
519 681 557 723 οο
579 680 707 741 prorsus
736 659 893 742 singulari
916 658 1132 742 interpolandi
1154 659 1286 723 artifieio
1306 659 1383 741 plene

267 771 403 855 gemella
428 770 646 832 additamenta
668 769 805 850 tribues,
829 790 910 851 quse
932 790 1063 833 numero
1087 770 1224 851 plurimu
1245 769 1384 850 utriusque

268 881 384 943 codicis
392 929 400 960 ,
432 883 460 940 B
488 883 520 942 et
549 885 590 960 A,
624 880 795 941 memoriae
822 878 987 942 debentur.
1038 878 1144 954 Velut,
1173 882 1209 942 ut
1236 879 1270 942 in
1295 878 1384 961 pauci·

267 990 457 1070 subsistam,
489 988 520 1070 Ι,
546 989 601 1052 82:
639 989 669 1052 ot
697 991 732 1051 δὲ
755 990 965 1068 ευλλαβόντεε
988 991 1045 1054 τὸν
1068 990 1256 1055 Φαοετύλον
1276 989 1385 1065 ἄγουαν

267 1103 322 1165 ἐπ’
345 1101 445 1164 αὐτὸν
467 1102 525 1164 τὸν
549 1098 677 1178 βαειλέα
706 1099 778 1180 [καὶ
801 1103 1035 1176 διηγοῦνται
1057 1100 1102 1163 τὰ
1124 1099 1337 1181 γενόμενα]
1354 1135 1386 1145 -

267 1209 314 1292 II,
338 1210 396 1272 52:
433 1211 481 1271 καὶ
511 1208 621 1271 αὐτίκα
650 1208 726 1271 τοὺ(
749 1209 939 1286 ετρατιώταε
961 1209 1133 1288 ἀναλαβὼν
1157 1210 1320 1292 [ἐβοήθει
1338 1208 1387 1270 διά

267 1319 432 1400 τάχουε,
461 1318 502 1381 ἐν
527 1317 605 1400 ὁδῷ
628 1337 668 1380 τε
691 1316 809 1380 ὄντα(
831 1319 927 1380 τούε
949 1319 1133 1397 πρέεβει(
1156 1317 1386 1397 καταλαβὼν]

269 1428 420 1508 ἀφείλετο
448 1428 523 1490 τοὺε
554 1426 790 1504 άπαγομένουε.
820 1463 861 1474 -
889 1425 932 1506 ll,
956 1426 1013 1489 25:
1036 1428 1088 1490 ἐπὶ
1108 1431 1165 1506 τῆε
1183 1426 1389 1492 Ιἐπιιιοινωνία(

267 1542 325 1601 τοῦ
349 1538 490 1618 φαρρὸς,
521 1537 539 1599 ὃ
563 1538 721 1614 καλοῦμεν
744 1536 832 1613 ἡμεῑ(
854 1537 944 1604 Ζέαν·
974 1536 1079 1618 [αὕτη
1102 1538 1175 1615 γὰρ
1197 1537 1244 1615 ἦν
1266 1537 1390 1615 ἀρχαία

268 1650 329 1711 καὶ
357 1647 467 1725 μέχρι
496 1647 648 1709 πολλοῦ
681 1647 849 1723 εονήθηε
875 1645 1019 1710 ἅπαειν
1053 1646 1189 1712 αὐτοῑε
1216 1647 1235 1724 ἡ
1262 1646 1389 1725 τροφή·

269 1759 381 1837 φέρει
404 1757 444 1818 δὲ
467 1757 623 1833 πολλὴν
646 1755 706 1818 καὶ
729 1757 853 1834 καλήν
875 1757 894 1833 ἡ
917 1755 1116 1834 Ῥωμαίων
1137 1760 1182 1833 γῆ
1204 1758 1274 1833 τὴν
1295 1751 1389 1838 ζέαν]

269 1865 389 1929 Verum
411 1865 446 1926 in
469 1863 587 1926 eisdem
609 1863 700 1926 libris
723 1864 830 1948 eisque
853 1863 928 1926 solis
950 1887 1044 1946 quem
1067 1863 1250 1928 admodum
1273 1864 1333 1928 alin
1351 1883 1391 1926 er·

269 1977 358 2037 stant
384 1977 515 2054 propter
542 1973 647 2054 ipsam
674 1995 780 2036 rerum
805 1973 1034 2056 proprietatem
1057 1997 1076 2038 a
1098 1973 1210 2058 queris
1237 1972 1391 2055 interpoli-

270 2082 365 2146 tionis
389 2082 564 2164 suspitione
587 2082 704 2145 libere:
728 2082 865 2165 exempli
886 2083 992 2166 gratia
1012 2083 1039 2166 I,
1057 2083 1098 2147 74
1112 2085 1312 2166 praeclarum
1329 2081 1391 2146 illud

271 2194 433 2258 Κόιντοε
454 2195 496 2256 δὲ
518 2194 667 2272 Φάβιοι
690 2195 784 2257 κατὰ
806 2195 847 2258 τὸ
875 2197 1035 2273 πρῶτον
1064 2195 1153 2259 {roc
1175 2198 1246 2272 τῆε·
1264 2194 1392 2270 ὀγδόη(
1470 2231 1471 2276 ι

270 2304 532 2381 ὀλυμπιάδοει
570 2302 616 2363 itu
649 2323 689 2365 ne
723 2303 863 2384 potuisse
891 2303 1017 2387 quidem
1045 2303 1109 2366 ullo
1141 2303 1236 2366 modo
1269 2301 1392 2384 confingi
1470 2279 1471 2302 i

270 2413 413 2475 fatebere
440 2411 534 2474 unius
564 2416 593 2473 B
619 2411 803 2475 testimonio
835 2413 961 2495 prodita
994 2413 1217 2496 supplementa
1243 2411 1393 2496 quaedem.

271 2522 446 2604 exquisitae
480 2520 644 2583 doctrinae
676 2520 769 2584 laude
806 2521 929 2585 librarii
963 2522 1012 2585 vel
1045 2522 1249 2606 grammatici
1283 2527 1395 2605 captum

271 2631 366 2711 longe
394 2630 589 2712 superantia.
641 2605 679 2693 E‘
698 2652 830 2713 quorum
859 2652 990 2696 numero
1018 2632 1080 2695 duo
1107 2632 1227 2696 subieci
1255 2631 1395 2716 imprimo
1469 2637 1470 2714 ρ

271 2739 504 2832 memorabilia,
533 2741 670 2802 altemm
697 2741 728 2821 I,
757 2741 814 2804 51:
851 2741 1041 2820 ἀνελόμενοι
1069 2743 1105 2806 δὲ
1132 2743 1291 2822 χρηεμοὺ(
1313 2793 1320 2806 .
1341 2790 1347 2803 .
1367 2789 1394 2802 ..

270 2851 321 2914 ἐπὶ
352 2851 389 2914 τὸ
418 2852 568 2915 ναυτικὸν
598 2849 807 2931 ἀφικνοῦνται
835 2852 998 2930 τεττάρων
1024 2852 1155 2930 μάλιετα
1180 2852 1308 2931 ἡμερῶν
1328 2853 1395 2916 διελ-

270 2961 381 3023 θόντεε
415 2960 504 3023 ὁδόν.
552 2960 676 3042 [δηλοῖ
708 2962 749 3024 δὲ
786 2963 847 3025 καὶ
879 2964 950 3040 τὴν
983 2961 1037 3026 εἰ(
1069 2963 1307 3042 Βούτρωτον
1333 2960 1390 3042 (sic‘
1468 3033 1469 3044 ,

271 3073 347 3132 τῶν
371 3070 515 3146 Τρώων
545 3070 763 3146 παρουείαν
798 3071 926 3150 λόφοε
959 3091 1033 3148 τιε,
1067 3073 1094 3155 ᾧ
1122 3092 1221 3137 ποτε
1254 3089 1395 3148 crpore
1468 3059 1469 3118 i

272 3178 375 3260 πέδῳ
399 3177 630 3258 ἐχρήεαντο,
656 3179 776 3257 Τροία
800 3180 1068 3264 καλούμενοι]
1106 3181 1141 3244 ἐκ
1162 3183 1198 3246 δὲ
1222 3182 1396 3260 Βουτράιτοιι

271 3290 350 3356 κτλ.;
388 3285 523 3348 alterum
553 3286 598 3367 V,
623 3287 680 3366 61,
715 3287 770 3350 ubi
805 3310 876 3351 eum
903 3289 1089 3352 Latinorum
1123 3289 1242 3374 oppida
1275 3289 1396 3372 triginta

272 3395 487 3459 enumeranda
509 3396 645 3476 fuerint,
669 3397 765 3480 vulgo
789 3401 904 3480 autem,
933 3398 1030 3462 etiam
1052 3399 1087 3462 in
1110 3405 1145 3478 Α,
1170 3403 1318 3482 quattuor
1337 3401 1396 3460 tun·

272 3510 339 3568 tum
362 3509 394 3568 et
417 3505 534 3589 viginti
557 3511 791 3590 enumerentur,
816 3512 878 3570 eB
899 3529 965 3571 non
988 3530 1042 3571 sex
1065 3508 1202 3591 quidem,
1227 3509 1278 3572 sed
1301 3515 1396 3571 temen

273 3615 411 3697 quinque
434 3615 605 3696 accedunt,
636 3615 812 3679 interiectis
842 3617 926 3680 inter
950 3621 1181 3697 Καρυευτανῶν
1205 3619 1277 3702 (sie)
1298 3621 1328 3679 et
1350 3617 1396 3678 Γα-

274 3726 351 3802 βίων
374 3725 546 3787 seemidum
568 3724 747 3787 litterarum
771 3726 914 3788 ordinem
935 3727 986 3790 his
1009 3728 1208 3792 nominibus:
1244 3746 1396 3805 κιρκαιη-

272 3839 348 3898 τῶν
383 3836 633 3913 κοριολάνων
675 3841 893 3914 κορβιντῶν
934 3841 1119 3916 καβανῶν
1156 3837 1395 3917 φορτινείων,
1466 3873 1467 3876 =

273 3965 405 4028 qnorum
427 3965 467 4005 ne
491 3944 574 4025 apud
597 3943 742 4026 Lupum
765 3945 905 4028 quidem,
930 3946 969 4009 de
991 3946 1136 4038 plurimis
1160 3945 1298 4030 alioquin
1319 3942 1395 4007 addi-

274 4055 423 4116 tamentis
461 4075 531 4116 oum
560 4059 588 4116 B
616 4055 885 4136 consentientem,
917 4056 1016 4118 ullum
1049 4056 1219 4140 vestigium
1251 4059 1395 4120 servatum

274 4167 331 4225 est.
378 4165 525 4226 Ceterum
547 4163 585 4226 de
608 4163 695 4245 Lupo
718 4164 778 4226 hoo
798 4166 895 4228 semel
922 4165 1081 4228 monuisse
1104 4166 1183 4228 sutis
1206 4173 1279 4228 esto.
