3052 5136
469 384 631 434 scirense
654 385 828 432 eriri-rere.
1162 369 1221 434 131

93 537 261 603 concedant
283 539 325 602 ab
348 537 536 604 Hermanno
558 538 727 622 probatam
748 561 780 624 p.
796 539 870 623 258,
896 541 1110 605 commentum
1132 539 1224 604 semi·

92 649 252 714 barbarum
279 650 315 714 in
337 649 500 736 Fulgentii
522 650 627 714 verbis
655 651 876 736 agnoscentis,
906 650 989 736 quod
1018 650 1161 715 effictum
1183 649 1225 714 sit

92 781 214 826 averem
232 761 298 826 300
319 760 408 827 Senti
431 760 595 825 Herculis:
618 763 805 842 βριθόμενοε
819 765 1003 846 (ταφυλῇτι,
1026 763 1225 842 μελάνθηεάν

90 893 123 948 γε
147 873 203 952 μὲν
230 872 310 938 αἵδε.
362 871 415 935 Ab
448 873 518 956 ipso
551 871 691 936 Hesiodo
726 871 872 957 Vngerus
906 893 1028 956 quoque
1062 870 1225 956 Fulgentii

91 982 266 1046 memoriam
288 983 487 1067 segregavit,
522 983 556 1047 in
588 983 731 1046 codicum
754 982 920 1066 scripturis
947 985 1094 1048 Hesiodus
1121 988 1152 1048 iu
1173 987 1225 1046 be·

90 1099 177 1158 colico
203 1100 339 1158 carmine
367 1093 418 1157 vel
446 1099 484 1158 H.
514 1100 546 1158 ia
573 1099 708 1159 bucolico
735 1099 857 1158 ludicre
886 1093 986 1157 latere
1015 1097 1172 1174 Eupbon'o
1194 1099 1226 1156 ιἰι

91 1208 212 1268 Hesiodo
233 1203 313 1268 satis
335 1203 500 1268 audaciter
522 1203 683 1269 coniciens
711 1227 742 1288 p.
767 1202 852 1290 ital

165 1313 238 1378 Non
260 1313 382 1398 dispari
404 1313 439 1379 in
454 1335 572 1400 genere
594 1295 711 1400 graeca
733 1314 869 1378 restituo
891 1312 1114 1399 Agathoni,
1138 1311 1225 1377 cuius

90 1423 162 1489 haec
180 1425 343 1489 sententia
359 1425 491 1490 affertur
506 1424 547 1489 ab
564 1425 707 1490 Antonio
723 1424 871 1490 Melissae
887 1424 961 1488 libri
977 1424 1008 1488 ll
1024 1445 1118 1488 sene.
1137 1423 1152 1486 1
1177 1425 1226 1484 ‘dc

91 1555 156 1613 repe
174 1541 273 1617 toao’,
302 1557 334 1618 p.
355 1535 548 1600 903v01.V
569 1535 686 1600 Sacrae
707 1533 860 1600 Biblioth.
884 1535 1074 1600 Sanctemm
1093 1532 1225 1597 Patrem

90 1644 133 1707 ed.
155 1643 255 1708 Paria.
280 1667 309 1709 a.
337 1645 433 1711 1589:
457 1650 564 1712 Nullus
583 1653 728 1727 prinecps
749 1652 869 1726 locetur
890 1652 920 1710 iu
943 1653 1017 1712 vitio
1037 1648 1222 1725 provehitur,

92 1762 145 1820 nisi
173 1763 376 1838 cupiditatum
408 1764 560 1823 ministros
591 1762 711 1822 babeat.
767 1755 854 1832 Quae
888 1779 949 1842 quo
983 1755 1076 1821 mode
1110 1775 1224 1840 graece

89 1865 198 1950 scepta
222 1869 360 1950 exstent,
384 1869 502 1932 nescie.
548 1867 659 1952 ltaque
690 1889 761 1932 eum
788 1889 939 1952 graecum
963 1867 1098 1932 Antonii
1121 1887 1224 1931 exem·

89 1976 167 2059 plum
188 1977 283 2042 Helia
306 1978 484 2062 reperiatur
506 1979 644 2062 nnllum,
675 1979 807 2064 ingenio
835 1978 895 2043 hee
918 1979 1146 2043 detrimentum
1173 1999 1225 2042 co-

90 2089 262 2172 natussum
284 2087 506 2173 qualicumque
528 2089 652 2153 ratione
677 2111 883 2172 compensare
905 2089 940 2154 in
963 2091 1047 2154 hane
1070 2089 1224 2174 speciem:

233 2241 339 2307 οὐδεὶς
360 2242 520 2322 τύραννα(
543 2243 801 2324 ἀμπλακημάτων
823 2245 934 2324 πρόιω

234 2352 377 2432 βέβηκεν,
400 2352 510 2432 ὀργῶν
532 2355 573 2434 μὴ
597 2354 656 2418 οὐκ
678 2353 764 2434 ἔχων
787 2355 957 2434 ὑπηρέτατ.

88 2501 130 2564 vel
151 2502 216 2569 sic:

230 2659 337 2724 οὐδεὶς
359 2663 514 2739 προῆκται
537 2659 731 2744 (προβαίνει)
755 2665 821 2728 τῶν
843 2661 1045 2742 ἁμαρτωλῶν
1068 2663 1179 2742 πρόεω

229 2769 387 2848 τύραννοι
409 2807 460 2832 -.

87 2915 199 2982 Omitto
234 2918 314 2984 alias
347 2921 467 2984 formas
501 2921 640 2986 eiusdem
674 2924 868 2988 sententiae:
909 2925 1020 3008 quodsi
1039 2923 1133 2996 ,nihil
1168 2924 1220 3007 sit,

87 3024 188 3092 lusisse
212 3032 369 3112 putemur.
414 3030 572 3118 [Lusitana
600 3056 677 3097 sarie
706 3033 892 3118 insigniter,
922 3037 954 3096 et
982 3034 1058 3098 lusit
1088 3056 1145 3098 uos
1169 3033 1221 3098 Bi·

88 3134 239 3202 bliotheca
256 3139 353 3204 Sacra
377 3141 536 3207 l'arisina.
568 3142 605 3207 ln
629 3143 766 3207 Antonii
789 3144 874 3208 eninr
897 3143 1047 3208 monaehi
1065 3144 1220 3208 ‘Melissa'

86 3265 190 3328 graece
221 3249 307 3314 edita
329 3275 348 3316 e
371 3253 517 3319 Conrado
546 3253 688 3318 Gesnero
716 3252 828 3339 Tiguri
856 3279 885 3318 a.
913 3254 1032 3338 1546*)
1061 3255 1141 3319 haec
1170 3277 1220 3319 ex-

146 3573 170 3639 ⁸¹)
189 3571 321 3640 [indicem
340 3573 419 3640 libri,
442 3574 490 3642 qni
512 3575 564 3629 bec
582 3577 626 3629 cst
643 3575 733 3630 initior
767 3577 810 3632 Ἐν
828 3583 862 3644 τι]
883 3578 1007 3644 reperio]
1027 3578 1113 3644 βίβλῳ
1132 3579 1221 3632 ἐνεετι

85 3663 155 3718 τάδε·
180 3669 496 3734 Ἀπομνημονευμάτων
524 3671 555 3723 ὲκ
583 3671 728 3736 διαφόρων
755 3675 816 3723 τῶν
840 3686 871 3724 τε
896 3673 962 3724 καθ1
991 3672 1062 3735 ἡμᾶς
1088 3673 1132 3724 καλ
1160 3676 1221 3724 τῶν

85 3757 198 3822 Θὺραθεν
223 3761 338 3825 βιβλίων
361 3763 442 3826 τόμοι
465 3767 553 3828 τρεῖς,
582 3763 663 3832 plene
690 3763 875 3833 perscriptum
899 3763 986 3818 babos
1009 3763 1037 3816 in
1061 3762 1220 3818 Hoffmenui

85 3845 177 3905 Larice
195 3851 420 3922 bibliograpbico
438 3855 458 3907 t.
478 3855 515 3908 lll
534 3873 560 3924 ρ.
581 3861 638 3909 711.
674 3855 716 3910 11ιί
738 3859 922 3926 posteaquam
946 3859 1085 3912 (iesncrus
1107 3857 1220 3910 Antonii

85 3943 162 4007 aitque
175 3943 288 3998 Maximi
306 3945 429 4015 syllegae
449 3947 594 4003 santissimo
608 3949 722 4003 corrsilio
740 3949 813 4002 inter
831 3967 860 4004 eo
874 3950 1008 4005 discretas
1026 3949 1121 4017 edidit,
1141 3967 1220 4018 prae·

84 4037 190 4099 pestere
213 4055 260 4092 eas
279 4037 380 4094 iudicio
403 4039 431 4094 in
450 4057 534 4094 ιιιιιιιιι
558 4059 656 4112 cerpus
680 4045 842 4113 (liraccunte
862 4045 892 4096 nt
914 4061 976 4097 sero
999 4043 1079 4097 video
1098 4042 1219 4097 editione

85 4123 257 4186 Wecheliana
275 4131 341 4186 anni
361 4135 435 4200 1581)
455 4133 614 4188 conflandae
632 4133 741 4204 pertavit
754 4137 942 4204 confletasque
956 4135 1077 4190 Stebace
1096 4136 1220 4191 eiusdem

85 4219 111 4270 et
127 4219 177 4274 loci
194 4223 223 4276 ct
240 4224 304 4277 anni
324 4243 373 4278 sico
392 4225 480 4280 iunxit
492 4227 653 4282 l'ranciscns
667 4228 758 4283 Faber
776 4229 929 4299 bibliopola
947 4227 1148 4297 Lugdunensis,
1166 4229 1219 4283 hee

85 4310 190 4376 quictem
207 4315 297 4371 indice
314 4318 475 4388 inscriptas:
495 4321 572 4375 ‘Loci
590 4339 749 4376 ceriimunes
768 4323 968 4377 scrutentiarnm
986 4339 1019 4376 ex
1038 4341 1058 4375 s.
1074 4321 1218 4390 scriptura,

84 4405 217 4462 veteribus
235 4410 373 4480 theologis
392 4415 422 4468 ct
439 4412 608 4469 ancillaribus
627 4415 808 4486 scriptoribus
827 4415 935 4473 collecti
953 4433 1004 4488 por
1022 4416 1172 4472 Antonium
1189 4418 1218 4471 et
