2942 5134
288 312 351 380 432
728 335 774 382 aa
797 335 997 387 acarnosrs

289 489 334 551 ita
369 511 409 552 ne
445 487 627 572 posterioris
656 489 782 573 quidem
815 493 959 574 tempore
992 494 1134 556 mortuus
1167 491 1300 557 Socrates
1325 495 1378 558 fuit:

289 599 370 682 quod
401 622 470 662 cum
498 601 564 662 ueri
592 601 634 662 sit
661 600 856 663 simillimum
884 601 1015 684 iccirco,
1050 602 1125 685 quia
1159 602 1244 666 hrevi
1267 607 1379 687 tempori

288 710 458 772 intervallo
491 710 627 792 priorem
666 710 783 773 distare
817 733 836 773 a
868 712 1041 794 posteriore
1072 713 1254 776 narratione
1282 715 1380 792 πρώην

288 821 441 883 vocabulo
457 821 588 883 docetur
602 843 633 902 p.
653 822 713 882 172
730 827 764 902 A,
789 823 857 883 tum
873 822 1084 884 certissimum
1105 826 1155 884 est
1176 827 1297 905 propter
1315 823 1382 884 rerba

288 955 318 1013 p.
338 933 441 994 1731)
463 934 512 994 καὶ
527 935 629 994 δοκεῖ(
650 952 701 1007 μοι
721 931 862 1010 ἀτεχνῶς
885 933 1007 996 πάντα(
1030 933 1158 996 ἀθλίου(
1180 933 1308 1010 ὴγεῐεθαι
1326 936 1384 1009 πλὴν

288 1042 493 1120 (ωκράτουε,
521 1039 552 1101 id
575 1040 657 1122 quod
680 1062 791 1122 parum
814 1043 976 1123 perspexit
998 1041 1108 1104 Astius
1130 1042 1168 1104 de
1191 1040 1323 1104 Platonis
1341 1041 1384 1102 sita

288 1154 320 1213 et
342 1173 401 1213 scr.
426 1172 456 1233 p.
481 1151 553 1213 313.
589 1150 702 1233 Itaque
725 1172 796 1213 cum
811 1151 1023 1234 Apollodorus
1045 1151 1086 1214 ad
1108 1151 1299 1215 Glauconem
1316 1151 1384 1213 rerba

287 1260 366 1322 haec
389 1260 476 1322 dicat
503 1283 534 1342 p.
562 1261 621 1322 172
645 1265 681 1322 C:
719 1262 788 1324 οὐκ
810 1261 910 1324 οἶ(θ’
933 1261 993 1325 ὅτι
1015 1264 1176 1326 πολλῶν
1200 1263 1293 1326 ἐτῶν
1314 1264 1384 1336 Ἀγά·

286 1376 363 1436 θων
387 1372 525 1436 ἐνθάδε
555 1372 625 1446 οὐκ
647 1371 944 1450 ἐπνδεδήμηκεν;
972 1409 1024 1452 -‚
1054 1374 1190 1454 apparet
1217 1371 1384 1455 Agatheam

288 1481 422 1562 cogitari
446 1480 642 1542 etiamtunc
664 1479 779 1542 vivum.

370 1590 571 1653 Revertimur
599 1612 685 1653 nmrc
714 1590 753 1652 ad
777 1590 1002 1673 Aristophanis
1025 1591 1091 1653 sive
1113 1590 1224 1654 Ranae
1245 1592 1305 1654 sive
1323 1589 1384 1653 selo

286 1699 423 1762 liastam.
469 1700 586 1774 Quodsi
614 1702 755 1763 mortuus
777 1700 875 1763 fuerIt
897 1701 1037 1783 Agath0‚
1063 1722 1133 1763 cum
1154 1700 1267 1764 Ranae
1285 1699 1384 1764 docete·

285 1814 352 1890 tur,
383 1811 470 1892 prior
497 1809 551 1872 illa
575 1809 761 1892 Apollodori
788 1810 931 1873 narratio
960 1810 1112 1873 acciderit
1133 1814 1259 1893 oportet
1279 1814 1341 1873 autc
1357 1809 1383 1871 cl.

286 1919 406 2002 XCIII,
434 1923 464 1984 3.
511 1919 555 1982 Vt
581 1920 681 2003 igitur
709 1943 829 1983 annum
857 1941 1012 2004 ponamus
1040 1920 1081 1983 ol.
1104 1918 1211 1984 XCIII
1238 1920 1384 1984 secundun.

284 2053 345 2114 ‹pro
368 2031 460 2094 modo
482 2031 597 2092 multos
625 2035 701 2093 tunc
726 2051 826 2092 annos
849 2029 979 2114 Agatho
1006 2031 1111 2112 potuit
1139 2030 1275 2093 Athenis
1294 2030 1383 2101 abens,

285 2163 377 2223 quem
410 2140 545 2202 vidimus
579 2163 643 2203 non
677 2143 752 2203 ante
785 2140 826 2203 ol.
861 2139 965 2220 XCII,
1000 2141 1019 2203 3
1053 2139 1092 2202 ad
1127 2139 1312 2203 Archelaum
1337 2159 1384 2199 esse

284 2251 486 2332 prol'ectrmr‘?
509 2251 661 2333 siquidem
684 2249 858 2312 triennium
874 2272 892 2311 a
907 2249 995 2312 nullo
1017 2271 1167 2332 umquam
1189 2253 1313 2314 πολλῶν
1325 2251 1384 2311 tras

284 2362 413 2424 nomine
446 2360 642 2444 appellatum
669 2365 717 2423 est
746 2364 840 2442 atque
869 2359 909 2422 ab
937 2359 1007 2442 ipso
1035 2359 1113 2422 adeo
1141 2358 1273 2423 Platone
1297 2381 1323 2441 p.
1344 2357 1385 2418 ru

283 2477 311 2534 l)
342 2476 475 2536 πολλοῑ(
509 2471 607 2535 trecis
646 2471 817 2553 opponitur
854 2473 1017 2552 tamquam
1049 2491 1177 2552 prorsus
1215 2467 1383 2532 contrarium

283 2582 436 2654 Quocirca
470 2580 591 2644 Bacchi
622 2581 718 2642 verba
747 2579 829 2662 apud
864 2579 1112 2662 Aristophanem
1145 2601 1212 2643 non
1244 2578 1338 2642 dubito
1361 2574 1384 2634 iu

284 2695 499 2775 campartem
526 2690 746 2773 interpretari,
778 2694 813 2751 ut
835 2691 938 2753 lautas
963 2689 1112 2752 Archelai
1137 2689 1261 2772 epulas,
1288 2688 1321 2750 de
1338 2683 1385 2767 qui·

283 2801 340 2864 hus
363 2801 434 2865 vide
451 2803 620 2864 Aelianum
641 2801 662 2864 l.
682 2823 720 2881 c,
745 2800 969 2882 liberalemque
991 2801 1077 2864 vitae
1100 2800 1219 2862 cultum
1241 2793 1384 2884 significari

283 2913 483 2975 contendam.
530 2913 635 2995 Atque
657 2911 742 2974 haud
773 2911 837 2974 scio
860 2932 902 2972 an
925 2910 993 2992 ipso
1021 2911 1188 2989 μακάρων
1217 2909 1297 2972 vocis
1316 2903 1386 2968 initi»

231 3034 262 3081 21
282 3021 490 3085 Macedoniae
526 3021 754 3104 cogitationem
791 3021 930 3083 excitare
964 3020 1098 3083 voluerit
1134 3024 1244 3102 poeta,
1278 3041 1294 3080 a
1320 3015 1385 3078 cuin

282 3132 332 3194 vel
366 3131 591 3193 consuetudine
619 3131 669 3193 vel
698 3130 800 3212 poesis
824 3151 941 3213 genere
964 3131 1030 3193 eius
1056 3129 1141 3192 modi
1169 3130 1255 3193 lusus
1283 3125 1386 3191 minim*

282 3241 379 3304 alieni
401 3245 485 3303 sunt.
531 3241 635 3315 Quid?
664 3241 746 3322 rqrrcd
768 3241 803 3303 in
825 3241 894 3323 ipsa
916 3240 1026 3303 fabula
1049 3240 1274 3322 Aristophanis
1292 3235 1386 3300 Hereu-

282 3349 336 3433 les,
361 3351 414 3414 uhi
438 3374 475 3413 ex
498 3350 626 3414 Baccho
653 3351 753 3413 bonos
775 3350 848 3413 huic
871 3350 979 3413 deesse
1007 3353 1117 3432 poetas
1141 3350 1311 3428 audiverat,
1338 3351 1387 3405 rau

281 3483 363 3543 vere,
388 3462 440 3545 qui
464 3461 579 3523 mortui
603 3465 709 3524 essent
731 3460 783 3543 qui
807 3459 879 3541 vivi,
905 3463 1099 3542 compertrun
1122 3459 1249 3540 hahuit,
1274 3461 1303 3519 ut
1323 3455 1387 3516 iuter

281 3593 390 3634 onrnes
423 3572 494 3634 illos
527 3571 710 3654 tragoediae
744 3574 872 3652 poetas,
907 3570 945 3633 de
978 3570 1090 3653 quibus
1124 3569 1306 3654 singillatim
1333 3581 1386 3625 erun

280 3702 430 3762 sprrrerere
447 3681 598 3761 videmus,
624 3702 663 3744 ue
681 3701 779 3743 unum
795 3680 921 3763 quidem
943 3682 1087 3762 poneret,
1111 3680 1163 3763 qui
1187 3701 1257 3742 vere
1271 3679 1386 3740 mortuus?

280 3796 377 3854 esset:
401 3791 439 3852 de
461 3812 522 3873 equo
541 3797 646 3853 autem
662 3813 724 3853 uno
742 3790 900 3872 [raulisper
922 3789 1068 3852 dubitare
1083 3789 1223 3868 videtur,
1246 3785 1385 3867 lophouffi

279 3901 317 3964 de
345 3924 381 3964 co
412 3903 507 3983 plane
536 3900 629 3963 aliter
656 3901 780 3983 (praeierit
808 3903 848 3962 od
877 3905 928 3983 Ζῄς
962 3922 1056 3982 quam
1084 3898 1122 3962 de
1152 3897 1314 3982 Agathone
1338 3892 1386 3952 πού

279 4013 376 4082 terrm
405 4011 516 4094 Itaque
545 4011 694 4092 quoniam
723 4009 891 4091 Euripides
918 4009 1064 4071 fortassis
1086 4008 1151 4071 iam
1174 4008 1268 4070 altero
1289 4004 1385 4085 olymp-

278 4121 381 4185 thlll
413 4143 498 4184 anuo
526 4123 667 4183 mortuus
696 4123 757 4200 est,
793 4118 923 4202 Agatho
951 4140 1016 4181 non
1044 4122 1117 4201 post
1144 4118 1184 4181 ol.
1211 4113 1310 4180 XCIII
1329 4109 1384 4171 a,l

279 4230 423 4292 Athenas
447 4231 570 4293 videtur
592 4230 768 4311 reliquisse:
807 4230 894 4291 errius
922 4228 1048 4312 quidem
1076 4228 1198 4290 itineris
1220 4226 1262 4288 sic
1284 4213 1385 4284 definiri

278 4355 412 4422 aprparet
435 4345 594 4402 recentem
617 4339 714 4400 fuisse
737 4339 921 4401 memoriam
943 4341 1011 4400 tum
1032 4360 1103 4401 crim
1121 4337 1226 4400 llanac
1241 4332 1385 4404 edchatun
