2976 5140
285 304 347 368 630
669 321 716 366 na
739 319 809 366 ouo
834 319 876 365 an
900 318 1041 367 omona.

285 499 311 539 κ.
331 499 358 540 τ.
382 479 408 538 λ.
432 475 451 539 ὁ
474 476 510 539 δὲ
533 473 632 553 Ὠρο(
660 473 679 537 ὁ
703 474 855 551 Μιλήειο(
884 474 936 537 διὰ
963 476 1019 550 τῆς
1048 493 1079 535 αι
1107 471 1283 552 διφθόγγοο
1306 475 1397 566 γράφει

285 586 335 649 καί
364 587 409 649 δι’
438 585 512 649 ἑνὸ(
544 605 575 662 ρ·
611 586 636 668 ᾠ
668 586 790 662 μᾶλλον
819 584 973 647 πειετέον.
1023 581 1092 646 Nec
1120 603 1214 664 sane,
1243 581 1269 645 si
1294 581 1397 665 quiade

287 696 419 760 αἰετός
442 698 474 757 et
497 695 616 758 κλαίω
639 693 750 756 formis
772 693 807 756 in
829 714 861 756 αι
883 691 1084 776 diphthongo
1104 697 1306 776 praeceptum
1323 692 1399 756 ίαίοοο

286 807 424 886 statuat,
448 804 552 867 haheo
575 802 720 887 equidem
744 824 800 865 cur
821 823 1009 885 repugnem.

370 915 400 978 2.
435 914 510 977 Non
532 914 639 997 paullo
663 912 818 995 eopiosior
847 912 948 974 altera
975 935 1050 995 pars
1072 913 1187 994 fuerit,
1217 935 1296 996 quae
1322 935 1402 976 versa·

285 1030 339 1089 tur
360 1026 395 1088 in
418 1047 451 1090 ει
474 1022 723 1108 diphthongo
745 1023 811 1104 vel,
836 1022 920 1106 quod
942 1024 1052 1086 eodem
1073 1023 1173 1106 redit,
1201 1023 1237 1087 in
1259 1025 1404 1088 iudicanda

287 1159 318 1201 ει
345 1139 378 1198 et
405 1158 415 1200 ι
442 1136 653 1217 scriptura.
700 1133 747 1196 Eo
776 1134 894 1195 referre
923 1132 1079 1216 Stephani
1107 1135 1204 1198 verba
1232 1157 1263 1217 p.
1286 1134 1356 1216 330,
1379 1136 1405 1198 6:

288 1248 446 1326 Ὁρατία,
474 1248 514 1324 ἣν
543 1244 708 1324 Εὐδαίμων
736 1245 786 1306 καὶ
813 1244 911 1324 Ὧρος
938 1245 990 1307 διὰ
1016 1249 1072 1323 τῆ(
1101 1265 1127 1308 ει
1154 1247 1329 1325 διφθόγγοο
1347 1249 1406 1325 γρί-

287 1377 382 1439 φουα
404 1359 462 1434 τὴν
486 1356 709 1434 Ὀρέετειαν
732 1354 960 1417 —eominus
983 1352 1105 1436 dubito,
1129 1376 1192 1438 quo
1215 1356 1405 1438 certius,1dsi

288 1468 502 1529 contestatum
525 1464 714 1528 haberemus
742 1465 953 1559 contrarium,
983 1464 1071 1546 prius
1098 1463 1177 1528 illud
1206 1453 1246 1529 de
1268 1466 1405 1545 Ταίναρον

286 1578 505 1661 fragmentum
533 1576 670 1638 ethnicis
698 1597 923 1657 accensurum,
957 1596 1023 1638 non
1053 1574 1302 1660 orthographiae
1327 1597 1405 1639 unum

287 1709 442 1777 quemque
464 1687 563 1749 fuisse
587 1686 720 1749 confido.
766 1686 903 1748 Accedit
925 1685 1010 1749 aliud
1032 1685 1200 1768 quiddam,
1229 1708 1324 1771 grave
1344 1709 1404 1769 pon·

287 1797 344 1859 dus
366 1797 402 1859 in
424 1796 569 1878 proxima
598 1795 792 1858 habiturum.
838 1795 968 1858 Etenim
996 1796 1079 1878 quod
1106 1796 1271 1860 Eudaemo
1296 1795 1404 1860 ortho-

287 1905 461 1990 graphos
485 1927 557 1968 cum
580 1906 645 1969 Oro
667 1905 823 1990 iungitur,
851 1905 886 1969 id
907 1906 1013 1988 ipsum
1036 1905 1121 1970 haud
1143 1907 1206 1970 levi
1229 1907 1340 1970 indicio
1359 1909 1403 1982 ert,

288 2016 344 2080 Ori
367 2038 490 2100 quoque
513 2015 777 2099 orthographiam
799 2016 905 2098 potius
928 2038 1024 2100 quam
1047 2016 1111 2079 alia
1126 2017 1249 2100 scripta
1270 2015 1405 2101 quaelibet

287 2127 434 2209 spectari.
479 2125 565 2189 Hinc
587 2125 688 2209 igitur
710 2126 909 2210 proficiscor,
938 2129 974 2190 ut
997 2126 1107 2190 eodem
1128 2127 1268 2191 referam
1288 2147 1360 2211 qnae
1377 2123 1406 2186 de

287 2237 368 2317 μεί(
400 2236 504 2300 fornia
537 2235 716 2319 produntur
749 2237 784 2299 in
811 2236 920 2320 Etym.
950 2236 994 2299 M.
1026 2237 1115 2300 oodd.
1149 2236 1287 2321 Pansa,
1320 2235 1405 2300 Ham.

288 2369 319 2430 p.
344 2345 407 2410 965
429 2369 487 2430 sq,
512 2345 605 2408 Kods.
630 2369 661 2428 p.
689 2347 759 2427 192,
783 2346 841 2428 30,
866 2346 948 2410 Gud.
967 2369 998 2430 p.
1014 2347 1087 2430 385,
1104 2347 1134 2430 2,
1152 2346 1291 2411 Bekkeri
1306 2344 1405 2410 Aneod.

287 2480 318 2539 p.
339 2457 418 2520 1397
443 2459 474 2540 (c
491 2455 709 2521 Ohocrobosco
735 2455 778 2542 [p.
795 2456 867 2538 200,
891 2456 912 2520 5
936 2455 1085 2545 Gaisf.]),
1110 2457 1178 2540 Ori,
1203 2457 1340 2538 Arcadii,
1359 2453 1405 2518 Eu·
1471 2445 1472 2523 ί

288 2567 513 2650 ‹laemonisque
535 2566 612 2628 fide:
641 2589 717 2629 nam
745 2566 843 2629 etiam
866 2567 998 2630 Arcadii
1020 2567 1284 2651 orthographiam
1305 2569 1408 2650 praeter

288 2675 418 2739 Suidam
441 2677 587 2738 novimus
610 2699 627 2738 c
650 2675 814 2758 Stephano
837 2699 867 2758 p.
890 2677 942 2758 41,
966 2678 1018 2742 35.
1052 2677 1165 2761 Itaque
1187 2677 1327 2741 indidem
1346 2675 1407 2738 deri·

289 2808 363 2849 vare
393 2785 493 2849 audeo
523 2785 561 2848 de
594 2807 656 2850 roc
689 2790 722 2849 et
754 2792 839 2851 ιδο(
871 2787 1030 2870 genetiuis
1065 2788 1106 2851 ab
1135 2787 1201 2852 Oro
1234 2792 1268 2851 et
1293 2784 1408 2851 Arcadio

288 2901 460 2981 praecepta
487 2896 521 2958 in
545 2895 681 2958 Bekkeri
706 2896 828 2959 Aneod.
853 2919 884 2979 p.
911 2897 992 2961 1193
1017 2895 1182 2983 [Choerob.
1217 2920 1250 2980 p.
1284 2897 1351 2976 188,
1377 2893 1407 2958 ‘28

289 3006 416 3093 Gaisf.].
462 3005 530 3069 Neo
552 3007 676 3069 diversa
698 3007 782 3069 ratio
804 3009 868 3089 est,
900 3028 956 3070 cur
985 3008 1199 3088 ἀμβμόειο(
1227 3009 1311 3072 vocis
1331 3003 1407 3088 expli-

289 3116 463 3198 cationem,
489 3117 553 3180 Oro
575 3116 770 3198 adscriptum
792 3117 827 3180 in
850 3116 957 3200 Etym.
983 3117 1026 3180 M.
1051 3140 1082 3200 p.
1106 3117 1165 3199 80,
1188 3118 1248 3200 35,
1271 3119 1407 3199 sumptam

255 3234 327 3290 5cx
351 3227 417 3289 eius
440 3225 671 3310 orthographia
699 3227 848 3311 colligam
876 3249 893 3290 e
915 3227 1068 3309 proximis
1090 3227 1211 3291 verbis:
1240 3229 1289 3292 καὶ
1314 3223 1407 3306 ἀμβρό-
1469 3209 1470 3255 i

290 3359 354 3402 αα(
388 3337 448 3403 οὐν
480 3339 532 3400 διὰ
565 3343 663 3402 τοῦτο
698 3339 823 3412 λέγεται
857 3337 1005 3417 ὁὺγρόε,
1058 3337 1164 3402 οὕτω(
1196 3337 1304 3418 Ὤμοι.
1342 3334 1404 3399 ὁδί

290 3448 424 3524 Θέογνι(
446 3449 564 3529 γράφει
585 3450 622 3512 τὸ
646 3469 687 3524 ει,
716 3449 910 3528 δίφθογγον·
939 3449 1078 3528 (ημαίνει
1106 3451 1142 3513 δὲ
1163 3449 1223 3514 τὸν
1246 3447 1403 3526 εὐδαίμονα.

289 3559 328 3621 Iu
351 3557 465 3641 quibus
488 3561 520 3620 et
542 3556 633 3620 nihili
658 3560 706 3624 cst
727 3556 891 3639 Theognis
918 3579 1035 3622 nomen
1063 3561 1095 3621 et
1121 3558 1241 3622 falsum
1263 3556 1404 3639 ἀμβρὸαο(
1468 3587 1469 3622 i

289 3667 480 3729 tantundem
503 3668 685 3750 significare
708 3673 804 3751 atque
827 3669 995 3747 εὐδαίμων.
1036 3668 1146 3732 Scribe
1168 3668 1271 3753 igitur
1291 3685 1404 3731 mecum:

291 3777 309 3840 ὁ
333 3779 368 3841 δὲ
391 3778 599 3853 Θεόγνωετο(
621 3780 739 3858 γράφει
760 3781 797 3842 τὸ
820 3800 847 3843 α
870 3781 922 3844 διὰ
944 3780 1138 3859 διφθόγγου,
1167 3783 1338 3858 (ημειούτω
1357 3769 1402 3854 (ul

291 3891 424 3969 (ημειοῐ)
452 3890 487 3952 δὲ
516 3890 595 3952 κατὰ
622 3890 679 3953 τὸν
709 3889 901 3967 Εὐδαίμονα·
935 3891 974 3953 τὰ
1001 3891 1063 3968 γὰρ
1091 3889 1143 3953 διὰ
1169 3895 1229 3954 τοῦ
1260 3908 1320 3954 croc
1338 3881 1403 3960 γινό-
1467 3943 1468 3989 ,

290 4019 370 4076 μενα
392 4019 418 4060 e.
435 4022 466 4081 q.
483 4021 507 4060 s.
552 3998 599 4061 De
622 3998 819 4082 Theognosti
842 3999 1073 4083 orthographia
1099 4021 1171 4063 cum
1193 3995 1402 4083 supradictum

292 4111 359 4169 tum
383 4131 402 4169 a
425 4107 571 4170 Beutlcio
594 4107 697 4190 Epist.
722 4110 762 4171 ad
783 4109 920 4172 Millium
941 4131 972 4192 p.
990 4110 1063 4174 517.
1103 4107 1296 4173 Adiciendus
1316 4103 1401 4184 on'ge

292 4238 364 4297 nea,
395 4218 482 4280 cuius
510 4219 587 4281 item
616 4221 741 4301 oportet
763 4219 797 4281 in
819 4218 1068 4304 orthographico
1095 4241 1215 4303 genere
1242 4239 1330 4302 opera
1351 4230 1401 4273 ser·

293 4331 363 4392 sata
386 4327 443 4412 sit,
474 4351 512 4390 ex
535 4329 641 4415 Etym.
672 4328 763 4394 Ko'es.
786 4351 817 4416 p.
845 4329 920 4415 191,
943 4331 1000 4395 23:
1029 4333 1113 4406 λέγει
1140 4333 1175 4398 δὲ
1198 4331 1217 4396 ὁ
1240 4329 1341 4410 Ὦρα,
1364 4319 1400 4382 51¹
