2952 5132
411 386 531 434 nnnvu
555 385 819 460 scansonrnvs.
1100 370 1179 465 ,455

50 539 125 602 haud
152 538 252 603 multo
278 537 383 602 minor
411 540 490 602 natu
517 537 726 602 Philochorus
756 536 807 625 [fr.
834 539 893 604 103
915 537 1036 628 Mucll.]
1060 538 1176 623 posuit,

50 649 181 714 ridemur
207 647 484 733 Agathonicorurn
518 646 644 731 cap.V
677 645 785 735 [supra
807 671 838 732 p.
855 649 918 712 415
933 647 1014 737 sqq]
1049 648 1177 713 demon-

50 763 171 842 strasse,
200 761 234 823 et
261 756 406 822 videmur
433 757 530 822 etiam
555 779 641 822 nunc
668 761 741 841 post
773 779 811 822 ea
843 780 923 842 quae
955 758 990 822 in
1021 758 1085 823 alia
1112 779 1177 822 om·

50 870 97 932 nia
116 868 314 932 discedentes
336 867 554 932 disseruerrmt
576 866 744 933 Clintonus
772 866 858 931 Fast.
887 867 962 932 hell.
986 891 1018 952 p.
1042 867 1104 932 238
1127 868 1175 932 ed.

50 978 170 1064 lirncg„
199 976 354 1042 Krebsius
381 976 569 1042 Lectionum
595 977 725 1040 Diodor.
757 999 788 1060 p.
815 977 874 1042 159
902 998 984 1061 sqq„
1017 999 1056 1042 ex
1084 981 1177 1061 parte

50 1089 136 1152 etiam
167 1087 348 1152 Bosckhius
381 1085 475 1170 Corp.
504 1085 601 1150 inscr.
626 1107 675 1170 gr.
699 1085 731 1150 Π
753 1108 785 1170 p.
801 1087 874 1150 341.
929 1085 1019 1162 Quod
1040 1109 1106 1152 non
1129 1091 1179 1152 est

49 1197 130 1262 huius
159 1198 220 1262 loci
248 1196 376 1262 uberius
404 1196 561 1280 persequi.
614 1193 826 1282 [Philippensi
852 1196 1023 1262 Muellerus
1057 1201 1090 1262 et
1116 1197 1176 1262 hoc

48 1309 255 1393 fragmentum
276 1305 391 1372 tribuit
412 1329 444 1390 p.
468 1307 510 1372 45
532 1309 565 1370 et
585 1305 765 1390 proximum
782 1305 812 1372 V
832 1305 959 1372 dubitat
980 1330 1012 1391 p.
1035 1308 1077 1372 43
1100 1329 1177 1372 uum

49 1418 84 1480 sit
104 1417 183 1482 sorte
205 1415 434 1504 tribuendum]

122 1527 178 1612 (V)
209 1527 317 1611 Atque
339 1525 398 1592 has
421 1525 571 1590 historias
593 1525 785 1609 pertinuisse
814 1548 872 1610 per
893 1527 971 1592 duos
993 1527 1090 1592 libros
1112 1528 1176 1613 pri·

48 1657 106 1702 mos
139 1635 372 1702 Macedonicon
406 1639 438 1700 et
472 1639 597 1719 partem
633 1635 769 1700 sortasse
803 1637 908 1719 tertii,
947 1637 1108 1722 colligitur
1137 1660 1175 1702 cx

49 1745 197 1812 Athenaei
219 1746 275 1811 lib.
298 1744 376 1810 XIV
397 1767 429 1829 p.
443 1745 507 1810 629
530 1749 572 1809 o:
594 1745 785 1812 τελεειάε·
815 1747 1016 1828 Μακεδονικὴ
1039 1749 1073 1814 δ’
1092 1749 1174 1816 ἐετὶν

48 1857 116 1936 αὕτη
137 1857 282 1938 ὄρχηειε,
318 1859 338 1941 ᾗ
367 1856 558 1936 χρηεὰμενοι
588 1855 618 1920 οἱ
645 1858 717 1936 περὶ
737 1857 941 1936 Πτολεμαῖον
965 1858 1174 1941 Ἀλέξανδρον

48 1967 96 2032 τὸν
125 1965 288 2032 Φιλίππου
320 1965 466 2047 ἀδελφὸν
501 1966 648 2038 ἀνεῖλον,
682 1965 727 2032 uc
758 1965 876 2046 ἱετορεῑ
909 1967 1095 2047 Μαρεύαε
1134 1970 1174 2036 ἐν

48 2077 149 2160 τρίτῳ
168 2077 465 2142 Μακεδονικῶν.
490 2073 553 2138 Vix
569 2075 685 2160 dignus
703 2077 752 2139 est
767 2076 855 2140 cuius
871 2076 920 2140 vel
936 2098 1024 2142 error
1045 2081 1175 2142 notetur

49 2184 262 2252 Ssutacrucius
283 2185 323 2250 dc
345 2185 495 2269 Philippo
511 2184 651 2249 Aridaeo
672 2185 836 2250 somnians
852 2185 965 2251 Eram.
991 2187 1061 2252 crit.
1084 2209 1116 2272 p.
1133 2191 1175 2254 45

49 2294 88 2358 ed.
109 2296 179 2362 alt:
202 2298 296 2360 tanta
319 2294 385 2358 eius
408 2295 440 2359 in
464 2294 525 2360 hac
549 2316 660 2359 caussa
675 2295 789 2360 levitas
804 2295 876 2360 fuit.
907 2295 1061 2381 Loquitur
1076 2297 1174 2362 Athe-

49 2426 133 2468 naeus
154 2405 194 2470 de
210 2404 395 2470 Alexandro
410 2404 442 2470 Π
457 2406 620 2489 Amyntac
642 2405 719 2489 filio,
743 2405 886 2489 Philippi
908 2409 1014 2472 autem
1038 2407 1174 2472 celeber·
1242 2388 1248 2400 ⁹

48 2513 109 2578 rimi
128 2515 240 2598 fratre,
264 2535 358 2600 quem
381 2535 400 2578 a
421 2513 606 2580 Ptolemaeo
621 2514 748 2580 Alorita
770 2515 997 2600 interemptum
1020 2517 1173 2584 archonte

48 2621 220 2710 Nausigcnc
242 2625 274 2688 h.
300 2645 327 2690 c.
352 2625 469 2710 olymp.
496 2625 568 2708 103,
593 2627 610 2688 1
633 2624 792 2690 Diodorus
814 2624 886 2708 XV,
911 2627 950 2692 71
973 2627 1123 2710 prodidit.

119 2734 191 2821 (VI)
231 2733 420 2800 Paucissimi
453 2734 538 2798 inter
570 2735 631 2798 hoc
663 2738 789 2819 tempus
822 2739 855 2800 et
886 2736 985 2820 ipsius
1018 2736 1207 2824 Philippis

47 2845 135 2924 patn's
161 2843 340 2910 Alexandri
369 2844 429 2925 M.,
463 2865 599 2930 reguum
631 2845 709 2910 anni
743 2845 904 2910 interiecti
937 2849 1028 2912 sunt:
1065 2869 1083 2912 e
1111 2870 1173 2932 quo

48 2956 237 3040 consequitur
265 2955 300 3018 in
327 2957 441 3037 quarto
468 2954 551 3018 libro
578 2953 741 3039 Marsyam
768 2955 832 3020 iam
866 2977 934 3020 esse
968 2956 1002 3022 in
1030 2956 1171 3042 Philippi

47 3061 127 3126 rebus
148 3064 250 3150 gestis
271 3067 442 3128 versatum.
474 3063 595 3128 aarum
610 3067 716 3129 autem
732 3065 979 3150 enarrationem,
1002 3067 1066 3131 nisi
1087 3067 1171 3132 forte

47 3171 174 3257 ulterius,
200 3177 287 3240 carte
309 3173 349 3238 ad
372 3173 488 3238 librum
510 3175 681 3256 septimum
702 3175 904 3258 pertinuisse,
929 3198 1000 3241 cum
1022 3198 1171 3242 numerus

46 3278 180 3347 denarius
211 3283 511 3348 commentariorum
532 3283 829 3368 Macedonicorum,
857 3285 970 3370 quibus
996 3309 1102 3352 rerum
1130 3288 1171 3352 ab

47 3390 217 3456 Alexandro
250 3393 296 3456 M.
330 3396 493 3476 gestarum
521 3393 688 3458 minimam
719 3399 845 3476 partem
878 3396 1015 3478 scriptor
1048 3399 1169 3483 attigit,

46 3498 114 3563 lacit
132 3505 169 3566 ut
190 3502 329 3566 libenter
352 3501 532 3584 credamus,
560 3505 629 3566 tum
656 3502 789 3568 suadere
810 3503 1025 3588 Harpocratio
1047 3507 1171 3570 videtur

47 3611 216 3692 compositis
233 3611 381 3693 Marsyae
404 3613 437 3675 et
455 3609 772 3696 Philippicorum
794 3613 958 3696 scriptoris
979 3615 1170 3681 testimoniis

46 3738 70 3777 r.
84 3721 304 3800 Μύρτονον·
326 3721 534 3800 Δημοεθένηε
550 3721 630 3801 ὑπὲρ
648 3722 879 3804 Κιηειφῶντοε.
903 3726 1062 3806 φρούριον
1078 3726 1117 3805 ἡν
1134 3727 1170 3793 ἐν

46 3825 157 3914 θρᾴκῃ,
175 3829 420 3911 ῶεΜαρεύαε
438 3831 460 3896 δ
477 3831 744 3912 πρεεβύτεροε
767 3834 807 3898 ἐν
830 3833 976 3919 ἐβδόμῃ
1000 3836 1169 3902 Μακεδο-

45 3941 151 4006 νικῶν
172 3941 224 4005 snt
238 3940 439 4019 Ἀναξιμένηε
461 3941 496 4006 ἐν
512 3941 712 4006 Φιλιππικῶν
730 3967 755 4006 ι.
800 3941 864 4006 Vbi
880 3944 1095 4024 πρεεβύτεροε
1110 3967 1169 4028 pro

45 4043 163 4128 vulgato
178 4047 255 4112 olim
269 4050 444 4129 πρεεβύτηε
456 4049 554 4112 ctiam
570 4049 667 4114 codex
677 4049 954 4136 cantabrigiensis
969 4053 1169 4119 academicus

46 4149 101 4219 (Dd
121 4155 157 4238 4,
181 4157 253 4240 63),
288 4157 429 4238 πρεεβυτ1
463 4157 740 4242 Cantabrigiensis
769 4161 895 4245 collegii
918 4161 973 4226 SS.
997 4161 1168 4228 Trinitatis

47 4259 81 4339 (0
104 4264 129 4346 l,
151 4264 186 4348 5)
214 4265 291 4330 olim
313 4265 474 4330 Galesnus
502 4270 607 4350 tenet,
636 4269 768 4352 uterque
796 4270 893 4334 etiam
921 4267 948 4338 Z'
973 4293 1032 4355 pro
1054 4273 1167 4360 ὀγδόῃ,

47 4369 186 4438 seditem
209 4376 387 4462 Φιλιππικῷ
415 4398 486 4441 cum
509 4376 638 4463 reliquis
661 4378 823 4464 omuibus,
846 4380 928 4468 quod
951 4381 1005 4446 diu
1027 4385 1076 4448 est
1098 4405 1169 4452 cum
