2976 5140
181 393 188 406 ,
289 329 351 391 634
673 345 718 388 nn
742 343 812 390 ono
836 345 879 389 ur
903 329 1044 389 onrorn.

288 498 348 576 μοί.
394 499 498 562 οὕτω(
522 497 618 576 εὗρον
647 498 691 561 εἰ(
718 499 777 575 τὴν
800 497 1023 577 ὀρθογραφίαν
1052 497 1152 576 Ὤρου
1181 501 1239 562 τοῦ
1268 499 1403 575 Μιλητίου.

288 607 482 672 —Scholia
506 607 583 669 min.
608 607 641 668 in
666 606 775 668 Iliadis
799 609 821 671 Β
844 607 904 670 641
930 610 962 668 οἰ
985 605 1097 670 Pavor.
1121 606 1191 670 Ecl.
1216 629 1246 690 p.
1273 607 1341 688 126,
1360 608 1403 670 29:

218 789 225 800 ‚
288 720 333 782 Τὸ
357 718 465 782 Ἀτίω
494 718 632 781 ἐνταῦθα
659 721 785 796 γενικῆ(
811 719 963 782 πτώτεώ(
993 719 1091 800 ἐαιν,
1119 719 1221 795 ἤγουν
1249 723 1305 782 τοῦ
1325 719 1403 782 Ἀτίω.

288 829 340 893 διὰ
363 832 461 892 τοῦτο
485 828 544 890 οὐκ
566 827 631 906 έχει
653 828 691 891 τὸ
714 849 723 890 ι
745 829 1057 907 προεγεγραμμένον.
1100 828 1140 906 ἠν
1167 829 1231 907 γάρ
1256 850 1301 893 τι(
1325 828 1404 892 ’ain

290 937 393 1020 ἥρωτ,
427 936 467 1001 οὗ
495 938 665 1016 ὁμώνυμα(
693 938 793 1001 Ἀεία(
816 940 948 1017 λειμών,
981 938 1049 1003 εἶτα
1077 939 1223 1004 Ἰωνικώ(
1251 939 1349 1003 Ἀτίεω
1372 939 1405 1001 dc

288 1049 468 1130 Ἀτρείδεω,
502 1047 649 1125 Αἰνείεω,
682 1051 732 1112 καί
759 1049 838 1112 κατὰ
865 1053 972 1128 κρᾶειν
1001 1051 1020 1127 ἢ
1054 1051 1217 1128 (υγκοπὴν
1247 1049 1345 1122 Ἀείω,
1372 1049 1405 1110 ώτ

288 1159 447 1237 ἑυμελίαε,
476 1158 610 1237 ἐυρελίω
633 1159 791 1237 Πριάμοιο
815 1161 864 1223 καὶ
885 1160 998 1225 Αἰνείω
1022 1160 1138 1239 ἕταρον
1169 1159 1286 1243 (ἑτάρῳ
1309 1156 1404 1231 Schoi,

287 1270 416 1347 ἑτάροιο
439 1267 531 1352 Fav.)
561 1269 610 1331 καὶ
633 1270 743 1347 Βορέω
773 1269 830 1332 ὑπ’
860 1268 948 1352 ἰωγῇ.
992 1271 1096 1334 οὕτω(
1123 1269 1223 1348 Ὦρα(
1251 1269 1286 1333 ἐν
1312 1269 1405 1350 τῇόρ-

287 1379 458 1460 θογραφίᾳ.
505 1378 722 1460 Omninoque,
753 1382 788 1441 ut
815 1377 875 1440 hoo
904 1378 973 1442 loco
1001 1378 1121 1462 aliquid
1150 1401 1315 1462 occupem,
1345 1399 1406 1460 quas·

287 1513 345 1553 nos
367 1489 461 1552 hodic
485 1489 610 1551 orasis
633 1488 762 1551 nomine
790 1488 949 1551 scribendi
978 1489 1097 1552 sannas
1122 1479 1405 1572 comprehendimus,

287 1621 396 1662 earum
418 1599 452 1662 in
476 1599 532 1662 Ori
561 1598 799 1681 Herodianique
828 1599 938 1663 πάθεα
965 1599 1193 1682 propemodum
1221 1600 1308 1663 nulla
1334 1597 1406 1660 ταώ-

287 1710 357 1792 gia:
386 1713 421 1772 ut
449 1709 489 1771 ad
512 1710 735 1789 ὁρθογρακρίαν
762 1731 855 1771 omne
883 1730 985 1792 genus
1013 1708 1090 1772 illud
1118 1709 1279 1772 rettulisse
1301 1709 1406 1772 videan-

286 1823 347 1882 tur.
391 1818 534 1881 Indidem
558 1819 657 1900 igitur
679 1818 758 1880 haec
780 1817 950 1881 fluxerunt.
985 1821 1115 1899 Ὀληαι·
1140 1821 1327 1899 Τυραννίων
1347 1840 1406 1896 προ-

286 1935 422 2012 περιτπᾷ
444 1930 493 1992 καὶ
515 1930 552 1992 τὸ
576 1952 585 1992 ι
607 1930 808 2009 προεγράφει
831 1929 978 2006 οἰόμενο(
999 1931 1169 2008 παρέλκειν
1191 1933 1250 2008 τὴν
1273 1951 1316 1994 αι’
1338 1929 1407 1994 οὕτω

285 2042 336 2104 καί
362 2040 413 2104 ἐπὶ
441 2045 497 2118 τῆ(
526 2042 656 2118 πρώτη(
684 2041 841 2122 ἐπαυρῇαι
870 2039 980 2122 (vulgo
1008 2041 1060 2104 ἐπὶ
1087 2044 1146 2105 τοῦ
1172 2042 1302 2119 πρώτου
1329 2039 1407 2102 ἐπαύ-

287 2151 380 2234 ρηαι).
410 2150 473 2215 έετι
494 2152 529 2214 δὲ
551 2151 644 2230 μέεο(
668 2150 815 2229 ἀόριετο(
837 2150 987 2228 δεύτερα(
1010 2153 1059 2214 καί
1083 2151 1122 2215 οὐ
1144 2154 1327 2229 περιεπᾶται
1347 2148 1407 2212 οὐδὲ

286 2261 527 2341 προεγράφεται
562 2262 600 2324 τὸ
638 2283 657 2322 ι.
710 2261 749 2324 τὸ
782 2259 890 2337 μέντοι
927 2260 1044 2324 αὐτὸ(
1087 2261 1127 2326 ἐν
1165 2260 1407 2340 ὀφθαλροῑιιν

287 2370 401 2450 ὅρηαι
423 2373 457 2435 ἐκ
479 2375 537 2435 τοῦ
561 2370 651 2449 ὄρεαι
672 2367 793 2446 γίνεται
821 2371 956 2436 ἐνε(τὼ(
985 2371 1029 2433 ώ(
1058 2370 1123 2433 ἀπὸ
1152 2367 1208 2448 τῆ(
1229 2371 1351 2448 πρώτη(
1370 2388 1407 2430 (υ-

286 2482 408 2563 ζυγίαε,
437 2483 508 2545 κατ’
538 2482 660 2546 έκτααν
689 2481 734 2544 ὡ(
762 2480 859 2546 bilem
888 2481 1002 2559 δίζηαι·
1031 2481 1159 2556 λέγουτι
1184 2481 1247 2559 γὰρ
1270 2480 1299 2543 οἱ
1318 2481 1407 2541 Ἰωνε(
1475 2503 1476 2537 ι

287 2591 371 2669 ὀρέω
402 2591 447 2655 ὡ(
475 2591 540 2655 ἀπὸ
568 2595 623 2668 τῆ(
645 2592 774 2668 πρώτη(
803 2590 956 2667 (υζυγίαε.
1000 2571 1099 2668 Ὥρα(
1129 2590 1148 2653 ὁ
1178 2591 1340 2668 Μιλήειοττ
1365 2585 1405 2648 n.

285 2700 329 2762 M.
354 2723 385 2782 p.
410 2701 482 2782 621,
507 2701 557 2764 32.
581 2739 623 2747 -
647 2702 778 2784 Κῷνο(
806 2700 876 2765 ἀντὶ
902 2705 961 2765 τοῦ
984 2702 1034 2764 καὶ
1062 2699 1155 2765 οῑνο(
1182 2701 1263 2764 κατὰ
1285 2700 1406 2763 toruior-

286 2812 366 2891 φήν·
390 2813 408 2876 ὃ
431 2812 508 2891 μετὰ
530 2815 589 2874 τοῦ
613 2832 622 2873 ι
650 2812 815 2890 γράφεται.
845 2833 872 2874 κ.
896 2832 921 2874 τ.
945 2813 971 2873 λ.
1015 2810 1114 2889 Ὦρα(
1136 2811 1155 2874 ὁ
1179 2810 1339 2887 Μιλήαοεε
1364 2803 1404 2867 n.
1474 2821 1475 2826 ’

285 2921 329 2983 Μ.
355 2943 386 3004 p.
409 2921 487 3003 551,
512 2921 563 2984 27.
587 2958 629 2968 -
659 2922 835 3003 Ἐνῲδια,
864 2922 919 2985 (ὺν
942 2925 988 3002 τῷ
1020 2941 1029 2982 ι
1051 2942 1078 2984 κ.
1102 2942 1127 2983 τ.
1151 2921 1177 2983 λ.
1202 2920 1305 2983 οὕτω(
1325 2916 1405 2993 Ὦρα(

286 3031 396 3114 (vulgo
419 3030 549 3114 Ὠρίων)
580 3031 783 3109 ὁΜιλήειοε.
828 3029 881 3093 Εἰ.
907 3030 950 3092 Μ.
975 3052 1006 3112 p.
1030 3029 1108 3112 345,
1132 3030 1162 3093 3.
1187 3067 1229 3076 -
1258 3028 1331 3093 Cum
1349 3022 1401 3106 qui·

287 3141 344 3202 bus
372 3140 516 3222 proximo
544 3140 671 3202 vinculo
700 3139 908 3202 continentur
934 3140 1079 3224 ἐγῷδα,
1106 3140 1171 3216 ἐγὼ
1202 3139 1283 3204 οἶδα
1317 3136 1402 3202 οὕτω(

285 3252 304 3314 ὁ
330 3251 480 3329 Μιλήειο(
508 3250 607 3328 Ὢρο(
636 3250 746 3332 (vulgo
776 3251 861 3314 οὕτω
891 3251 1044 3329 Μιλήειο(
1072 3250 1091 3313 ὁ
1120 3249 1268 3330 apion:
1299 3247 1345 3310 Et.
1368 3241 1401 3304 il.

234 3378 267 3425 ιο
286 3383 317 3442 ρ.
334 3360 407 3442 315,
433 3360 472 3422 10
495 3359 613 3440 (κράτει
636 3358 713 3422 Ζοιι.
730 3382 762 3442 p.
784 3361 860 3443 611)
884 3364 916 3422 εἰ
937 3365 1065 3443 τρυγῷ
1088 3360 1138 3423 καὶ
1160 3365 1292 3442 τρυπῷ
1312 3355 1401 3420 κτλ

284 3471 322 3535 τὸ
345 3471 489 3535 εὐκτικὸν
511 3472 693 3549 τρυγάοιμι,
715 3477 873 3552 τρυγῷμι,
895 3477 1052 3554 τρυγῷοι,
1074 3475 1196 3552 τρυγῷ·

545 3629 623 3643 ..,.
648 3584 718 3644 πώ(
741 3579 781 3645 ἄν
804 3600 850 3643 τι(
872 3579 1020 3659 ὄμφακα(
1042 3585 1164 3664 τρυγῷτ

286 3691 390 3754 οὕτω(
413 3691 512 3770 Ὧρο(
542 3690 751 3769 ὁΜιλήειοετ
782 3688 922 3750 Zonaras
945 3711 977 3771 p.
1005 3687 1095 3752 1752.
1148 3686 1201 3750 sie
1234 3686 1314 3750 enim
1338 3684 1400 3744 hacc
1471 3693 1472 3698 ’

286 3799 465 3863 scribenda.
490 3838 528 3845 -
553 3799 675 3863 vnimo
696 3799 766 3862 loco
789 3798 947 3861 reservavi
970 3798 1008 3861 de
1031 3805 1081 3881 τῷ
1104 3799 1209 3860 forma
1230 3794 1398 3860 notationem

286 3909 338 3972 nt.
364 3909 406 3972 M.
432 3933 462 3992 p.
486 3910 559 3992 472,
583 3911 614 3992 2,
639 3909 788 3971 Favorini
812 3908 881 3971 Ecl.
906 3931 936 3990 p.
961 3909 1039 3989 414,
1062 3908 1099 3972 4:
1121 3908 1207 3983 λέγει
1229 3909 1262 3971 δὲ
1283 3904 1397 3981 'onto

286 4021 437 4099 Μιλήειο(
466 4021 499 4102 (ὁ
527 4022 635 4099 μικρό(
664 4017 760 4081 Fan:
791 4019 832 4081 of.
864 4022 883 4098 ξ
908 4019 941 4102 8)
965 4018 1049 4098 ἔχειν
1072 4019 1110 4083 τὸ
1139 4040 1149 4082 ι
1173 4007 1398 4096 προσγεγραμμέ-

286 4151 360 4195 νον·
384 4130 449 4194 ἀπὸ
472 4131 532 4208 γὰρ
562 4134 621 4194 τοῦ
644 4129 674 4193 οἱ
697 4134 773 4193 (ώοι
797 4130 826 4193 οἱ
849 4136 893 4214 τῷ
919 4129 1026 4208 ώτπερ
1050 4128 1081 4191 οί
1103 4132 1182 4194 Ζώοι
1210 4127 1239 4191 oi
1258 4129 1305 4206 ἰῷ.
1338 4115 1394 4189 Qui-
1469 4189 1470 4212 ,

285 4239 345 4300 bus
373 4261 452 4321 ηιωο
482 4239 731 4322 praemittuntur
754 4239 794 4301 ab
816 4238 1001 4302 Herodiano
1025 4237 1150 4320 copioso
1179 4223 1395 4320 disputatas»
1469 4233 1470 4297 ί

287 4348 395 4410 nescio
418 4371 480 4431 quo
503 4350 620 4412 acriter
642 4350 847 4432 impugnata,
875 4350 902 4410 si
924 4349 1007 4411 forie
1029 4348 1163 4412 certiore
1186 4345 1294 4410 indicio
1313 4341 1393 4422 paics-
