2942 5134
305 286 367 350 372
656 301 702 349 un
725 301 898 350 ausonam
921 300 1088 350 VERSIBVS

240 471 286 519 νἸΙΙ
307 477 457 538 pacorum
486 456 634 518 instituto
663 459 894 518 commentatus
928 458 992 536 cst,
1034 454 1088 517 sed
1122 455 1187 517 ium
1219 477 1308 538 supra
1340 457 1410 517 nuliis

307 565 471 646 laudatus,
502 588 594 648 quem
617 588 682 628 uon
705 568 808 643 θήιειν
832 567 985 646 τρόπαια,
1015 565 1069 627 sed
1092 567 1197 656 tittery
1219 566 1359 644 ἐιθήματα
1376 566 1409 625 τι]

308 677 437 756 λάφυρα
476 675 676 738 coniunxisse
711 698 748 738 cx
784 675 862 758 ipsis
899 676 965 738 eius
1002 674 1107 737 verbis
1143 675 1339 738 manifestum
1366 690 1410 737 cst:

306 787 460 862 ἐιθήματα
482 787 631 863 ἀναθήιω
654 788 718 864 πρὸ
740 790 806 849 τῶν
829 792 919 850 ναῶν
941 787 980 848 τὰ
1006 786 1143 865 λάφυρα.
1188 783 1260 847 Non
1280 785 1351 868 legit
1369 785 1411 865 igi-

304 897 357 956 tur
378 895 432 957 ille
447 895 545 958 ullam
561 899 636 958 ante
652 897 808 973 ἐιθήματα
823 896 1030 977 particulam,
1055 895 1110 958 sed
1128 917 1191 957 una
1208 894 1411 957 constructione

305 1005 525 1067 continuatam
558 1005 657 1068 talem
684 1005 955 1084 enuntiationem,
990 1005 1116 1088 qualem
1145 1008 1177 1068 et
1210 1004 1365 1066 verborum
1390 1016 1410 1062 cr

223 1193 229 1204 .
305 1115 483 1177 sententiae
507 1115 696 1196 simplicitas
719 1114 921 1178 commendat
943 1118 978 1177 ut
1001 1114 1084 1197 quod
1105 1114 1256 1177 maxime:

478 1278 655 1354 μήλοιιιν
680 1277 874 1354 αἱμάιιων
898 1277 979 1340 τόθ’
1003 1276 1253 1340 {criscecum

478 1389 609 1464 θήιειν
632 1390 803 1464 τροπαῖα
826 1387 949 1450 δαΐων
973 1387 1166 1464 ἐιθήματα

305 1543 336 1608 h.
355 1568 381 1608 c.
407 1547 520 1608 nuntia
542 1546 694 1608 victoriae
715 1569 764 1609 me
786 1547 947 1610 facturum
967 1547 1157 1609 vestimenta
1181 1546 1325 1609 hostium.
1357 1544 1411 1604 lli.

305 1660 340 1717 ut
371 1657 405 1717 in
439 1656 610 1734 allectiva,
645 1655 743 1718 multo
774 1657 872 1719 etiam
906 1657 1021 1719 certius
1054 1679 1148 1739 quam
1179 1657 1211 1719 in
1244 1656 1412 1718 substantia·

304 1767 599 1844 προπεριιιταιτεόν
634 1765 805 1828 secundum
833 1770 975 1829 veterum
1004 1767 1229 1850 magistrorum
1261 1781 1411 1848 praecepta,

305 1874 343 1936 ‹lc
372 1875 485 1957 quilius
516 1875 727 1957 contemptius
756 1897 850 1957 quani
881 1899 939 1958 par
967 1878 1036 1938 erat
1059 1875 1228 1938 Elmsleius
1252 1872 1412 1938 existiment

304 1984 339 2046 in
362 1983 550 2046 Heraclidas
573 2007 601 2046 ν.
626 1986 698 2048 403.
745 1984 946 2048 Adiectivum
970 2008 1034 2048 non
1058 1985 1091 2047 in
1118 1984 1182 2047 illis
1205 1988 1326 2047 tautum
1346 1981 1411 2044 Euri·

304 2093 398 2176 pidiis
427 2095 551 2156 habetis
580 2096 685 2172 Ζηνὸ(
714 2095 851 2173 ὀρθῶιαι
881 2097 992 2173 βρέτα(
1019 2100 1175 2174 τροπαῖον
1204 2098 1235 2156 et
1261 2097 1336 2158 Διὸ(
1360 2113 1411 2168 τρι-

304 2209 401 2268 παῑον
423 2205 550 2268 ‘lerator
568 2207 679 2283 βρέτα(
694 2203 940 2266 Plroenissarum
956 2227 985 2266 ν.
1007 2206 1096 2267 1251.
1116 2206 1208 2285 1473,
1233 2225 1354 2288 quorum
1367 2201 1410 2261 rin

304 2335 371 2376 csso
395 2315 578 2395 ambiguam
607 2313 732 2376 sentitis
741 2363 749 2394 ‚
779 2314 833 2376 sed
861 2314 1017 2396 imprimis
1043 2313 1103 2376 huc
1127 2315 1274 2396 apposito
1296 2311 1410 2391 exemplo

305 2422 452 2485 Electrae
486 2447 514 2485 ν.
548 2425 628 2485 1174
661 2428 799 2502 τροπαῖα
833 2426 976 2501 δείγματ’
1015 2425 1135 2488 ἀθλίων
1172 2425 1405 2504 προιφαγματων

305 2531 366 2594 Pro
394 2533 594 2595 substantivo
628 2537 734 2595 autem
769 2533 880 2597 haberi
909 2539 1054 2616 coeptum
1089 2534 1122 2596 in
1152 2534 1319 2618 Aeschylio
1344 2551 1410 2594 reon

304 2645 442 2719 τροπαῖα
475 2642 580 2704 ett'eeit
613 2629 648 2704 ut
681 2643 730 2705 vel
765 2647 799 2706 δὲ
832 2646 881 2706 vel
914 2666 947 2708 τε
980 2644 1137 2726 particula
1171 2645 1294 2708 intrusa
1322 2661 1409 2705 noran

304 2753 495 2813 structuram
518 2753 734 2834 proximorum
749 2754 915 2816 verborum
935 2754 1266 2835 commiscerentur,
1289 2753 1370 2837 plane
1387 2765 1408 2808 τι

304 2860 396 2923 huius
419 2861 547 2924 salsulae
563 2885 655 2924 versu
671 2864 734 2926 340
755 2864 876 2925 factum
900 2867 948 2926 est
969 2864 1003 2926 in
1024 2867 1138 2944 πικρὸν
1160 2867 1193 2928 δ’
1216 2865 1297 2944 ὄμμα
1317 2860 1409 2923 vals:

304 2992 380 3050 quos
398 2993 504 3033 versus
527 2993 677 3034 unacum
700 2973 869 3055 stropliicis
886 2997 957 3036 cum
972 2973 1045 3036 olim
1071 2974 1245 3058 diximus*l
1267 2979 1327 3036 tum
1347 2992 1408 3032 nuuc

305 3079 459 3141 crcclinnis
483 3081 528 3143 sic
552 3083 765 3144 emendandos
789 3105 871 3145 csse:

409 3254 601 3328 κορκορυγαὶ
623 3254 654 3315 δ’
677 3253 733 3317 ἀν’
756 3253 830 3317 ἄιτυ
853 3253 946 3333 προτί
969 3257 1001 3317 θ’
1025 3255 1147 3335 ὁρκάνᾳ
1169 3257 1326 3335 πυργωτᾲ·

409 3363 489 3438 πρὸ(
513 3362 631 3439 ἀνδρὸς
654 3367 686 3425 δ’
710 3363 791 3442 ἀνὴρ
815 3365 902 3442 δορεὶ
925 3366 1071 3428 καίνεται.

408 3550 616 3611 παντοδαπὸς
639 3551 674 3612 δὲ
697 3550 817 3628 καρπὸς
840 3552 971 3629 χαμάδις
995 3553 1101 3615 πειὼν
1124 3551 1252 3627 ἀλγύνει

409 3657 522 3734 κύρια(
545 3661 658 3736 πικρὸν
682 3659 765 3738 ὄμμα
786 3662 1035 3738 θαλαμηπόλων,

261 3903 264 3908 ,
302 3829 371 3895 Nisi
395 3833 493 3915 quod,
523 3834 575 3917 qui
599 3837 836 3900 accuratissime
859 3843 1067 3920 exaequatam
1096 3839 1284 3922 syllabarum
1304 3853 1402 3914 respon·

302 3943 424 4005 sionem
452 3949 581 4026 expetat
611 3969 681 4009 cuin
711 3949 839 4030 Erigere
870 3947 889 4009 l.
916 3971 940 4010 s.
965 3972 990 4011 s.
1015 3972 1045 4030 p.
1069 3951 1126 4030 51,
1159 3949 1271 4032 poterit
1296 3946 1403 4007 lonas-c

301 4053 410 4130 δόρατι
431 4076 488 4136 pro
511 4057 605 4132 δορεί.

369 4312 392 4376 *λ
412 4314 453 4380 [ln
471 4315 572 4366 Iliariis
592 4316 644 4368 litt.
668 4317 826 4372 lenensibne
846 4337 869 4374 a.
894 4327 957 4375 1830
974 4339 1010 4376 m.
1031 4320 1110 4378 Febr.
1129 4337 1156 4392 p.
1176 4321 1241 4390 204]
