2976 5140
445 421 492 468 aa
516 419 586 468 ono
609 419 654 466 nr
677 417 820 468 carons.
1140 399 1204 466 659

78 575 271 659 multiplicem
286 595 392 638 rerum
407 575 596 638 varietatem
611 572 886 657 comprehenderit
900 573 1103 652 γραμματική.
1133 571 1202 646 Qua

78 686 215 750 scientiae
237 689 270 750 et
292 685 504 748 institutionis
526 685 682 748 varietate
704 705 745 747 ne
761 683 980 748 Herodianum
1002 681 1129 766 quidem
1150 682 1202 744 de-

76 796 167 879 stitui,
200 795 454 880 impigerrimum
485 795 575 859 illum
609 795 789 858 litterarum
822 815 977 877 aucupem
1010 795 1042 856 ct
1075 792 1202 876 apicum

77 909 289 990 scrutatorem,
324 907 552 972 convenienter
584 904 658 969 huic
691 909 820 968 nostrae
853 904 1033 988 quaestioni
1064 907 1203 966 testatur

76 1015 217 1080 &cadius
239 1019 342 1102 praes.
366 1040 398 1101 p.
423 1017 453 1100 7,
479 1017 533 1081 10:
562 1017 644 1082 ἀλλὰ
667 1017 776 1081 καὶτὸ
798 1017 884 1080 πολὺ
906 1018 1029 1093 πλῆθο(
1051 1019 1117 1080 τῶν
1141 1036 1201 1078 πα-

76 1129 280 1208 ραδειγμάτων
312 1130 372 1193 καλ
405 1129 424 1206 ἡ
453 1129 542 1208 περὶ
574 1132 652 1194 τῶν
680 1127 966 1206 ἀγνοουμένων
995 1125 1036 1190 έν
1066 1125 1202 1189 αὐταῑ(

76 1237 237 1317 ἐξήγηει(
264 1240 316 1303 καλ
342 1239 362 1316 ἡ
384 1241 441 1316 πή(
468 1239 610 1317 χρήεεω(
639 1237 748 1303 αὐτῶν
774 1239 881 1316 πολλή
910 1237 1080 1316 παράθεα(
1109 1255 1201 1300 κατα·

75 1347 220 1413 λέλειπται
246 1355 293 1431 τῷ
322 1351 512 1440 concavet·
541 1347 685 1413 κάκεῖθεν
714 1347 795 1411 αὐτὰ
825 1347 960 1426 λήψεται
989 1347 1070 1425 ὁμή
1099 1345 1201 1424 μόνον

74 1458 211 1532 τὴντῶν
243 1463 437 1544 προεῳδιῶν
465 1457 624 1538 ὀρθότητα
655 1463 775 1538 ζητῶν,
807 1455 889 1521 ἀλλὰ
922 1459 983 1521 καλ
1016 1455 1103 1536 περὶ
1135 1458 1201 1522 τὰ(

73 1569 243 1646 δυνάμει(
265 1570 326 1632 καὶ
348 1571 509 1649 χρήεει(
531 1572 730 1650 φιλομαΘιῖιν.
760 1566 849 1630 Illius
872 1566 957 1630 modi
974 1567 1059 1630 cuim
1082 1567 1201 1632 λέξεων

74 1675 291 1756 ἀγνοουμένων
314 1679 459 1758 ἐξήγηειν
486 1677 573 1741 vides
602 1679 637 1742 in
658 1679 809 1761 pleraque
833 1677 945 1740 cadere
968 1699 1076 1740 eornm
1099 1699 1202 1741 exem·

73 1786 195 1871 plorum,
218 1811 351 1871 quorum
374 1793 470 1852 antea
493 1787 632 1852 indicem
655 1767 825 1871 posuimus,
849 1809 910 1852 nec
933 1809 1035 1870 pauca
1058 1787 1201 1871 superius

74 1901 317 1962 enumeratorum
340 1903 361 1979 ξ
383 1899 441 1980 24,
466 1899 496 1964 3.
542 1897 627 1973 Quas
650 1919 756 1962 rerum
785 1897 1016 1982 explicationes
1039 1897 1100 1961 etsi
1123 1897 1201 1960 divi-

73 2007 132 2069 nari
159 2009 270 2092 nequit
298 2031 431 2092 quorum
460 2008 600 2072 locorum
629 2009 912 2093 grammaticorum
941 2030 1052 2072 caussa
1081 2008 1115 2071 in
1138 2029 1201 2071 me·

72 2113 146 2181 dium
161 2119 243 2182 Orus
267 2119 421 2202 attulerit,
446 2141 544 2182 unum
564 2121 674 2182 tamen
689 2119 822 2182 definire
836 2119 913 2182 licet
927 2116 1006 2182 hoc:
1028 2118 1202 2182 maximam

72 2229 275 2311 exemplorum
297 2232 422 2312 partem
445 2229 494 2292 vel
517 2228 557 2292 ad
585 2231 712 2295 λέξει(
740 2229 806 2292 sive
833 2229 1009 2306 γλώεεα(
1032 2230 1201 2308 κωμικὰ(

71 2337 218 2416 pertinere
241 2339 292 2401 vel
315 2338 366 2436 ad⁸
377 2339 589 2418 Ὁμηρικὰ(
620 2341 727 2422 Atque
749 2339 810 2402 boc
835 2342 1050 2420 congruenter
1072 2339 1201 2402 veritati

71 2443 139 2530 dici,
167 2449 358 2514 documento
386 2453 461 2512 sunt
490 2471 560 2513 cum
584 2449 723 2513 excitata
747 2449 939 2513 comicorum
962 2448 1201 2534 carminumque

70 2553 302 2622 Homericorum
323 2559 523 2642 testimonia,
553 2581 633 2643 quac
657 2581 674 2622 e
697 2563 717 2640 ξ
739 2559 780 2623 26
803 2563 886 2642 pete,
914 2561 982 2622 tum
1005 2559 1200 2642 antiquiores

70 2666 171 2747 quibus
193 2669 277 2732 Orus
299 2668 400 2731 utitur
421 2669 634 2754 grammatici.
666 2669 823 2753 Equibus
840 2669 880 2732 ad
903 2669 1057 2732 comicum
1079 2669 1200 2752 poesim

69 2773 213 2860 Didymus
246 2777 387 2861 pertinet
415 2781 450 2844 έν
478 2787 515 2862 τῇ
545 2787 663 2864 κωμικῇ
692 2781 774 2845 λέξει
802 2779 949 2842 laudatus
976 2801 1053 2842 voce
1081 2781 1199 2860 καρύκη

70 2883 98 2948 in
118 2885 168 2952 nt.
191 2888 295 2952 Paria.
320 2887 404 2972 apud
433 2887 659 2953 Ruhnkenium
682 2890 785 2972 praef.
810 2889 843 2952 in
866 2889 1063 2972 Hesychium
1084 2911 1116 2972 p.
1140 2889 1198 2972 IX,

70 3015 199 3080 proquo
222 2999 258 3063 ἐν
281 3005 328 3083 τῷ
350 3006 477 3084 κωμικῷ
500 3001 653 3082 scriptum
676 2999 711 3062 in
734 2999 815 3063 Gnd.
840 3021 871 3082 p.
888 2999 961 3081 301,
978 2999 1020 3063 40
1035 3002 1067 3062 et
1083 2999 1136 3062 nt.
1154 2998 1197 3063 M.

69 3123 96 3185 p.
115 3105 191 3190 492,
221 3107 264 3172 55
304 3109 452 3192 (quorum
480 3109 647 3192 posteriori
682 3109 781 3189 Ὠρο(
808 3130 925 3173 nomen
959 3109 1154 3174 reddendum
1182 3133 1248 3181 arr

69 3209 142 3278 Gud.
165 3220 197 3280 et
211 3216 315 3281 Paris.
340 3218 425 3302 apud
440 3217 621 3282 Beklrerurn
638 3219 761 3284 Auecd.
778 3243 810 3304 p.
829 3221 941 3306 1386):
964 3219 1005 3283 ad
1027 3219 1200 3284 Homerica

69 3325 201 3390 carmina
223 3325 309 3392 idem
331 3327 485 3412 Didymus
508 3331 543 3394 έν
567 3331 767 3410 ὑπομνήματι
789 3327 814 3398 ξ’
830 3331 1010 3396 Ὀουεεεία(
1032 3353 1061 3394 ν.
1080 3331 1199 3412 (κῦροε

67 3431 165 3518 Etym.
184 3437 229 3500 M.
247 3459 279 3520 p.
297 3438 369 3520 720,
386 3438 438 3520 20,
462 3441 497 3505 ἐν
521 3439 723 3520 ὑπομνήματι
737 3441 916 3506 Ὀδυεεεία(
938 3463 968 3504 ν.
986 3441 1198 3520 ἀνέγναμψαν

67 3541 141 3608 itud.
157 3569 189 3630 p.
200 3549 254 3625 54,
268 3547 321 3630 24,
335 3548 384 3611 cui
398 3549 497 3629 Ὠρο(
510 3571 628 3614 nomen
643 3549 822 3614 addendum
835 3573 872 3614 ex
888 3549 940 3614 Et.
955 3549 999 3613 M.
1013 3573 1045 3633 p.
1061 3551 1132 3632 103,
1145 3551 1197 3634 31,

67 3651 115 3716 ubi
140 3675 247 3720 rursus
276 3656 365 3720 deest
392 3657 479 3740 prius
502 3659 578 3723 illud
601 3661 836 3744 testimonium,
870 3659 984 3724 deinde.
1013 3660 1199 3724 Alexander

66 3760 238 3829 (totiaensis
261 3769 294 3829 ct
314 3765 390 3830 Pius
410 3791 440 3832 v.
462 3773 655 3851 περιρρηδή(
677 3793 706 3854 p.
731 3771 804 3853 664,
821 3771 873 3854 39,
899 3771 940 3834 cf.
965 3769 1198 3836 Buttmannum

65 3874 218 3952 praetia
246 3875 373 3940 Scholia
396 3877 509 3962 Odyss.
540 3901 571 3962 p.
596 3879 687 3962 XIV3
714 3879 848 3964 denique
871 3881 1029 3946 Heracleo
1058 3883 1093 3950 έν
1116 3881 1197 3946 ὑπο·

65 3983 192 4062 μνήματι
214 3979 240 4050 ε’
260 3987 390 4052 Ἰλιάδα(
413 4011 442 4052 v.
467 3989 645 4068 ραδανίῑειν
668 4013 699 4074 p.
718 3991 789 4065 702,
812 3991 842 4054 9.
874 3989 923 4056 Of.
940 3989 1196 4075 Epaphroditum

65 4089 96 4153 in
109 4092 213 4158 indice
229 4095 312 4176 ξ26.
343 4097 477 4162 Substiti
495 4099 530 4163 in
546 4102 638 4163 certis
655 4101 753 4184 ipsius
769 4099 825 4164 Ori
841 4101 1048 4165 testimoniis:
1065 4123 1197 4186 quorum

64 4221 124 4267 non
143 4205 345 4270 mediocriter
360 4229 477 4292 augere
492 4231 659 4274 numerum
680 4211 839 4294 probabili
862 4212 1044 4276 coniectura
1066 4210 1152 4276 licet.

141 4315 172 4379 3.
218 4314 338 4380 Verum
365 4317 450 4381 enim
476 4342 551 4384 vero
580 4321 807 4405 deplorandam
841 4321 932 4385 video
964 4321 1090 4385 ruinam
1122 4321 1196 4386 huic

64 4425 160 4509 υιιιιιί,
195 4445 291 4509 quam
319 4449 384 4492 ιιοιι
412 4429 481 4492 siue
509 4429 623 4494 virium
652 4431 857 4496 contentione
880 4431 1018 4517 quadam
1039 4434 1195 4518 pertenui,

929 4535 994 4600 42*
