3050 5140
314 345 378 410 834
649 349 860 411 ulceratos
884 364 1119 412 zu1—xxxn.

314 514 436 579 andern
459 537 521 578 nur
544 515 606 579 746
628 516 738 582 Verse.
767 556 810 566 —
846 517 896 582 Ob
924 517 993 582 sich
1021 541 1077 582 aus
1099 517 1217 583 'diesen
1239 519 1370 585 Notizen
1388 523 1435 585 mit

314 625 438 709 einiger
459 626 811 692 Wahrseheinlielrlreit
833 628 1050 692 bestimmtere
1072 628 1240 693 Resultate
1262 630 1367 696 ziehen
1386 633 1432 694 las·

313 759 387 818 sen,
411 742 527 822 nitgen
550 737 733 823 diejenigen
756 739 911 824 ausehen,
936 740 987 803 die
1010 763 1043 804 es
1064 740 1168 805 nither
1190 725 1325 827 angeht3
1355 766 1433 827 nega-

221 889 231 904 .
312 846 377 910 tive
400 847 596 933 wenigstens
618 849 725 936 liegen
747 849 801 914 fiir
823 849 880 914 das
902 850 999 916 dritte
1022 850 1113 917 Buch
1136 852 1195 917 auf
1213 853 1270 916 der
1290 853 1388 918 Hand.

785 1018 987 1026 ————

623 1091 675 1164 Zu
701 1091 766 1166 Nr.
794 1093 845 1165 IX
870 1119 906 1189 p.
935 1097 1007 1168 283
1034 1093 1143 1178 Anm.

396 1239 632 1306 Rossbaeh's
661 1241 772 1326 sriiher
798 1264 861 1306 von
888 1243 950 1306 mir
977 1244 1143 1308 vermisste
1171 1244 1385 1330 Abhandlung
1402 1247 1433 1307 ist

310 1353 371 1414 mir
393 1352 525 1416 seitdenr
548 1353 596 1416 als
618 1352 669 1414 ‘de
691 1353 1006 1436 rnetro'prosodiaoo
1030 1355 1257 1420 commentatio
1279 1356 1305 1419 I'
1328 1356 1432 1418 belitel-

310 1466 358 1526 tes
376 1463 557 1526 Prolimiuni
575 1463 629 1527 des
645 1463 815 1527 Breslauer
831 1464 1145 1550 Lectionslrataloges
1160 1465 1214 1529 fur
1229 1467 1284 1530 das
1300 1466 1432 1530 Somnior-

310 1577 462 1637 seniester
486 1575 565 1638 1857
589 1575 734 1637 bekannt
755 1574 937 1658 geworden.
983 1575 1034 1638 Ob
1056 1576 1127 1639 eine
1150 1577 1380 1641 ‘eonnnentatio
1400 1575 1432 1639 ll'

310 1684 498 1748 ersehienen
521 1685 578 1766 ist,
606 1687 695 1748 kann
717 1684 771 1747 ielr
793 1684 875 1749 auch
897 1683 993 1748 heute
1015 1685 1099 1749 noch
1122 1686 1215 1751 nieht
1237 1710 1343 1772 sagea.

781 1843 984 1850 ——--.--

666 1943 718 2016 Zu
744 1943 808 2018 Nr.
836 1945 923 2017 XXI
948 1971 983 2040 p.
1012 1949 1098 2019 560.

394 2093 474 2156 Hier
497 2093 539 2155 ist
560 2094 595 2156 in
618 2093 673 2156 der
691 2093 904 2178 Anarerlrung
924 2095 1011 2170 ,naelr
1034 2095 1095 2157 den
1116 2094 1249 2158 Worten
1272 2094 1358 2178 ‘quod
1377 2093 1430 2177 qui-

310 2204 380 2266 dem
405 2204 542 2287 primum
564 2204 626 2266 fuit
641 2226 657 2266 e
674 2203 899 2268 Bonnensibus
921 2205 1023 2268 tribus
1040 2208 1072 2267 et
1087 2205 1331 2288 quinquaginta
1347 2203 1430 2267 durrli

310 2315 362 2378 ein
387 2314 549 2378 Versehen
572 2314 741 2397 folgenden
763 2314 879 2379 Zusatz
902 2315 1119 2399 aiisgefallen:

394 2425 464 2488 Nisi
485 2425 567 2509 quod
590 2425 693 2508 ipsum
717 2427 847 2488 tertirmi
871 2429 903 2488 et
924 2425 1226 2510 quinquagesimum
1255 2449 1317 2491 non
1345 2445 1429 2489 menn

309 2536 381 2616 fuit,
398 2537 452 2599 sed
470 2536 657 2600 (luilelrui
670 2535 938 2618 Branrbaehii‚
956 2536 1125 2600 continens
1141 2536 1219 2599 illud
1235 2537 1286 2600 ‘de
1298 2536 1430 2600 columnis

308 2647 454 2709 miliariis
478 2647 518 2709 ad
534 2646 683 2709 Rhenum
705 2646 841 2728 repertis
863 2647 1154 2710 eornnrentariunr':
1178 2647 1229 2710 eui
1246 2669 1305 2731 ego
1326 2645 1430 2731 praela-

308 2758 485 2820 tiuneulam
507 2760 632 2819 tantun]
656 2778 727 2819 earn
750 2757 977 2839 praemiseram
999 2779 1093 2840 quani
1116 2757 1202 2820 infra
1225 2759 1323 2840 posui.

376 2867 483 2920 ‘Tertio
507 2869 535 2920 et
558 2866 790 2934 ‹prinquagosimo
818 2866 871 2918 hoc
894 2883 943 2919 voe
965 2865 1109 2935 prooemio
1132 2866 1288 2934 eodemque
1309 2867 1431 2936 postremo

309 2961 466 3028 compellat,
486 2960 528 3013 eui
547 2963 612 3028 post
630 2959 811 3013 suavissimae
829 2958 980 3013 memoriae
998 2960 1168 3028 ‘prologum’
1188 2960 1369 3014 academicum
1381 2959 1430 3010 Fer-

308 3054 460 3107 dinandum
483 3053 620 3106 Naekium
642 3070 693 3120 per·
716 3053 837 3120 quinque
860 3055 889 3106 et
911 3052 984 3120 quod
1007 3052 1117 3106 excedit
1139 3054 1228 3106 lustra
1250 3053 1429 3121 ‘eloquentiae'

307 3147 334 3199 in
354 3147 407 3200 hae
424 3147 605 3200 universitate
624 3164 722 3198 munus
741 3147 903 3200 mandatum
925 3146 985 3199 fuit.
1023 3144 1075 3210 Qui
1098 3163 1153 3212 quo
1176 3147 1326 3214 gratiorem
1348 3145 1385 3198 sui
1400 3159 1429 3195 re
1494 3199 1495 3216 χ

308 3239 497 3293 conlationem
522 3240 600 3292 vobis
624 3240 804 3306 relinqueret,
832 3239 888 3293 iam
911 3257 965 3292 non
985 3256 1018 3292 ox
1038 3239 1094 3292 alio
1113 3239 1239 3306 quolibet
1257 3258 1355 3308 genere
1370 3239 1429 3290 litte
1494 3245 1495 3276 l

308 3351 400 3387 rarum
419 3334 565 3402 luael'andi
584 3334 730 3386 materiam
748 3333 899 3402 petendam
917 3332 1096 3398 existimavit,
1116 3333 1210 3386 sedin
1229 3333 1280 3386 tali
1297 3333 1383 3402 potius
1398 3347 1430 3382 ar·

307 3431 440 3494 girriroiito
458 3427 634 3492 versandum,
653 3427 727 3493 quod
746 3445 807 3480 eum
825 3427 948 3494 ipsarum
966 3429 1104 3480 terrarum
1122 3426 1331 3493 Rhenanamm,
1348 3422 1429 3494 quilla

306 3521 469 3589 propediem
495 3521 546 3574 sibi
570 3539 631 3574 esse
653 3519 866 3573 valedicendurn
889 3537 943 3573 non
963 3520 1020 3572 sino
1045 3519 1154 3584 dolore,
1178 3519 1229 3572 sed
1252 3519 1333 3590 eulpa
1351 3522 1428 3571 tanen
1494 3527 1495 3538 ³

307 3617 472 3680 erramina,
500 3614 651 3678 intellexit,
675 3614 779 3666 honore
799 3615 827 3667 ot
845 3613 983 3681 dignitate
1001 3613 1131 3682 propiore
1148 3613 1243 3680 aliquo
1261 3613 1365 3666 vinculo
1381 3627 1428 3662 eon-

306 3709 448 3762 tinenotur.
487 3709 555 3761 Taele
579 3707 712 3774 quiddam
736 3725 797 3760 oum
820 3706 849 3759 in
871 3709 1002 3775 promptu
1026 3723 1087 3760 esse
1108 3706 1218 3759 videret
1245 3725 1300 3761 non
1321 3725 1337 3759 a
1359 3704 1429 3757 seruet
1494 3763 1495 3768 ¹

306 3805 449 3870 paratum,
470 3803 519 3855 sed
536 3802 609 3856 felici
628 3802 724 3854 labore
743 3799 905 3869 gniauissimi
922 3799 1042 3865 iuvenis,
1062 3799 1173 3866 eiusque
1195 3799 1276 3853 liuius
1293 3800 1373 3869 ipsun
1388 3795 1427 3848 dis-
1494 3799 1495 3810 ¹

307 3897 424 3964 oiplinae
439 3896 592 3948 Bonnensis
605 3895 718 3960 alumni,
738 3893 915 3947 laudabiliter
928 3893 1066 3958 etl'eeturn,
1085 3909 1139 3946 non
1153 3892 1248 3961 inepte
1261 3894 1313 3947 hae
1325 3911 1352 3946 se
1363 3908 1427 3960 puae
1494 3917 1495 3962 ᾗ

307 3991 399 4058 opella
423 3991 462 4042 uti
485 3989 607 4058 putavit,
632 4006 686 4056 quo
705 3991 734 4041 ot
752 3987 874 4054 gratiam
897 3988 932 4040 ab
951 3985 1125 4053 alitiqnitatis
1143 3986 1297 4041 Rhenanae
1318 3981 1427 4039 studiosis

306 4083 389 4136 iniret
409 4085 437 4134 et
455 4085 581 4152 oxornplo
601 4101 655 4136 non
674 4081 835 4146 iniucunda,
859 4080 925 4146 qnid
948 4081 1022 4132 osset
1044 4080 1197 4146 θρεπτήρια
1220 4079 1322 4134 ‘almae
1339 4079 1426 4132 Rhena-

305 4185 369 4228 nae’
389 4177 507 4230 horresta
525 4175 702 4228 contentione
721 4174 847 4238 reddero,
866 4173 972 4226 utiliter
990 4175 1055 4226 ante
1073 4173 1167 4226 oculos
1185 4172 1342 4227 collocaret.
1369 4169 1425 4234 Ergo

306 4269 388 4335 aequi
406 4270 527 4336 lionicpie
546 4269 680 4322 consulite
699 4286 783 4334 quam
801 4269 874 4320 inlr-a
892 4267 1013 4336 positam
1032 4264 1249 4334 disputationem
1270 4265 1368 4328 alienis,
1384 4278 1424 4314 utin

305 4363 409 4416 nostris
429 4362 526 4415 studiis
545 4363 676 4415 ‹lebetis'
