<?xml version="1.0" encoding="UTF-8"?>
<!DOCTYPE html PUBLIC "-//W3C//DTD XHTML 1.0 Transitional//EN"
    "http://www.w3.org/TR/xhtml1/DTD/xhtml1-transitional.dtd">
<html xmlns="http://www.w3.org/1999/xhtml" xml:lang="en" lang="en">
 <head>
  <title>
</title>
<meta http-equiv="Content-Type" content="text/html;charset=utf-8" />
  <meta name='ocr-system' content='tesseract 3.04.00' />
  <meta name='ocr-capabilities' content='ocr_page ocr_carea ocr_par ocr_line ocrx_word'/>
</head>
<body>
  <div class='ocr_page' id='page_1' title='image "./fridericiritsch04ritsgoog_0200.png"; bbox 0 0 2990 5140; ppageno 0'>
   <div class='ocr_carea' id='block_1_1' title="bbox 401 327 1193 402">
    <p class='ocr_par' dir='ltr' id='par_1_1' title="bbox 401 327 1193 402">
     <span class='ocr_line' id='line_1_1' title="bbox 401 327 1193 402; baseline 0.003 -14"><span class='ocrx_word' id='word_1_1' title='bbox 401 363 405 370; x_wconf 88' lang='lat'><em>-</em></span> <span class='ocrx_word' id='word_1_2' title='bbox 444 341 563 402; x_wconf 72' lang='lat' dir='ltr'>nuova</span> <span class='ocrx_word' id='word_1_3' title='bbox 585 341 803 390; x_wconf 84' lang='lat' dir='ltr'>nnmonoso.</span> <span class='ocrx_word' id='word_1_4' title='bbox 1134 327 1193 390; x_wconf 78' lang='grc'>173</span> 
     </span>
    </p>
   </div>
   <div class='ocr_carea' id='block_1_2' title="bbox 59 492 1197 4410">
    <p class='ocr_par' dir='ltr' id='par_1_2' title="bbox 59 492 1197 4410">
     <span class='ocr_line' id='line_1_2' title="bbox 60 492 1194 578; baseline -0.002 -20"><span class='ocrx_word' id='word_1_5' title='bbox 60 495 85 558; x_wconf 84' lang='grc'>11</span> <span class='ocrx_word' id='word_1_6' title='bbox 110 512 171 578; x_wconf 92' lang='lat' dir='ltr'>quo</span> <span class='ocrx_word' id='word_1_7' title='bbox 193 493 426 558; x_wconf 83' lang='lat' dir='ltr'>evidentissime</span> <span class='ocrx_word' id='word_1_8' title='bbox 449 494 654 578; x_wconf 78' lang='lat' dir='ltr'>consequitur</span> <span class='ocrx_word' id='word_1_9' title='bbox 681 495 844 577; x_wconf 72' lang='lat' dir='ltr'>comptos</span> <span class='ocrx_word' id='word_1_10' title='bbox 867 514 935 556; x_wconf 84' lang='lat' dir='ltr'>esse</span> <span class='ocrx_word' id='word_1_11' title='bbox 961 492 1114 577; x_wconf 90' lang='lat' dir='ltr'>quosdam</span> <span class='ocrx_word' id='word_1_12' title='bbox 1137 515 1194 556; x_wconf 87' lang='lat' dir='ltr'>nu·</span> 
     </span>
     <span class='ocr_line' id='line_1_3' title="bbox 59 602 1195 688; baseline -0.001 -22"><span class='ocrx_word' id='word_1_13' title='bbox 59 624 171 668; x_wconf 90' lang='lat' dir='ltr'>meros:</span> <span class='ocrx_word' id='word_1_14' title='bbox 194 603 248 687; x_wconf 91' lang='lat' dir='ltr'>qui</span> <span class='ocrx_word' id='word_1_15' title='bbox 269 623 331 688; x_wconf 88' lang='lat' dir='ltr'>quo</span> <span class='ocrx_word' id='word_1_16' title='bbox 349 603 443 668; x_wconf 89' lang='lat' dir='ltr'>modo</span> <span class='ocrx_word' id='word_1_17' title='bbox 459 602 640 688; x_wconf 88' lang='lat' dir='ltr'>corrigendi</span> <span class='ocrx_word' id='word_1_18' title='bbox 655 602 737 685; x_wconf 88' lang='lat' dir='ltr'>sint,</span> <span class='ocrx_word' id='word_1_19' title='bbox 761 602 857 666; x_wconf 84' lang='lat' dir='ltr'>facile</span> <span class='ocrx_word' id='word_1_20' title='bbox 879 602 987 666; x_wconf 86' lang='grc'><strong>110010</strong></span> <span class='ocrx_word' id='word_1_21' title='bbox 1007 623 1073 666; x_wconf 86' lang='grc'><strong>11011</strong></span> <span class='ocrx_word' id='word_1_22' title='bbox 1091 623 1195 666; x_wconf 76' lang='grc'><strong>00110-</strong></span> 
     </span>
     <span class='ocr_line' id='line_1_4' title="bbox 60 711 1195 796; baseline -0.002 -20"><span class='ocrx_word' id='word_1_23' title='bbox 60 717 180 796; x_wconf 91' lang='lat' dir='ltr'>ptorum</span> <span class='ocrx_word' id='word_1_24' title='bbox 192 713 430 796; x_wconf 85' lang='lat' dir='ltr'>comparatione</span> <span class='ocrx_word' id='word_1_25' title='bbox 444 713 634 796; x_wconf 82' lang='lat' dir='ltr'>perspicere.</span> <span class='ocrx_word' id='word_1_26' title='bbox 662 712 747 776; x_wconf 89' lang='lat' dir='ltr'>Nam</span> <span class='ocrx_word' id='word_1_27' title='bbox 759 734 830 776; x_wconf 88' lang='lat' dir='ltr'>cum</span> <span class='ocrx_word' id='word_1_28' title='bbox 841 711 1053 776; x_wconf 87' lang='lat' dir='ltr'>diverbiorum</span> <span class='ocrx_word' id='word_1_29' title='bbox 1067 711 1195 796; x_wconf 89' lang='lat' dir='ltr'>quidem</span> 
     </span>
     <span class='ocr_line' id='line_1_5' title="bbox 60 820 1195 906; baseline 0.001 -21"><span class='ocrx_word' id='word_1_30' title='bbox 60 821 219 906; x_wconf 68' lang='lat' dir='ltr'><strong>discriptio</strong></span> <span class='ocrx_word' id='word_1_31' title='bbox 250 843 317 886; x_wconf 91' lang='lat' dir='ltr'>non</span> <span class='ocrx_word' id='word_1_32' title='bbox 344 823 484 905; x_wconf 87' lang='lat' dir='ltr'>potuerit</span> <span class='ocrx_word' id='word_1_33' title='bbox 515 822 577 887; x_wconf 90' lang='lat' dir='ltr'>sibi</span> <span class='ocrx_word' id='word_1_34' title='bbox 603 844 670 887; x_wconf 91' lang='lat' dir='ltr'>non</span> <span class='ocrx_word' id='word_1_35' title='bbox 698 825 860 886; x_wconf 73' lang='lat' dir='ltr'>constare:</span> <span class='ocrx_word' id='word_1_36' title='bbox 894 821 949 886; x_wconf 91' lang='lat' dir='ltr'>ubi</span> <span class='ocrx_word' id='word_1_37' title='bbox 981 820 1021 884; x_wconf 93' lang='lat' dir='ltr'>de</span> <span class='ocrx_word' id='word_1_38' title='bbox 1047 843 1195 886; x_wconf 80' lang='lat' dir='ltr'>versuum</span> 
     </span>
     <span class='ocr_line' id='line_1_6' title="bbox 60 911 1196 1016; baseline 0 -22"><span class='ocrx_word' id='word_1_39' title='bbox 60 911 257 996; x_wconf 75' lang='lat' dir='ltr'>multitudine</span> <span class='ocrx_word' id='word_1_40' title='bbox 284 930 431 996; x_wconf 86' lang='lat' dir='ltr'>universa</span> <span class='ocrx_word' id='word_1_41' title='bbox 459 931 632 1016; x_wconf 84' lang='lat' dir='ltr'>dempseris</span> <span class='ocrx_word' id='word_1_42' title='bbox 665 931 701 994; x_wconf 93' lang='lat' dir='ltr'>in</span> <span class='ocrx_word' id='word_1_43' title='bbox 728 930 851 1014; x_wconf 90' lang='lat' dir='ltr'>Oedipo</span> <span class='ocrx_word' id='word_1_44' title='bbox 880 930 947 996; x_wconf 88' lang='lat' dir='ltr'>Ool.</span> <span class='ocrx_word' id='word_1_45' title='bbox 983 930 1196 994; x_wconf 85' lang='lat' dir='ltr'>diverbicrum</span> 
     </span>
     <span class='ocr_line' id='line_1_7' title="bbox 61 1040 1196 1123; baseline 0.001 -20"><span class='ocrx_word' id='word_1_46' title='bbox 61 1063 161 1105; x_wconf 83' lang='lat' dir='ltr'>versus</span> <span class='ocrx_word' id='word_1_47' title='bbox 191 1041 284 1123; x_wconf 89' lang='grc'><strong>1273,</strong></span> <span class='ocrx_word' id='word_1_48' title='bbox 313 1041 347 1104; x_wconf 89' lang='grc'>111</span> <span class='ocrx_word' id='word_1_49' title='bbox 369 1040 550 1106; x_wconf 88' lang='lat' dir='ltr'>Philocteta</span> <span class='ocrx_word' id='word_1_50' title='bbox 580 1041 672 1123; x_wconf 91' lang='grc'><strong>1097,</strong></span> <span class='ocrx_word' id='word_1_51' title='bbox 700 1041 735 1104; x_wconf 84' lang='grc'>111</span> <span class='ocrx_word' id='word_1_52' title='bbox 762 1040 943 1104; x_wconf 80' lang='lat' dir='ltr'>Trachiniis</span> <span class='ocrx_word' id='word_1_53' title='bbox 970 1040 1042 1122; x_wconf 91' lang='grc'><strong>970,</strong></span> <span class='ocrx_word' id='word_1_54' title='bbox 1071 1043 1196 1104; x_wconf 87' lang='lat' dir='ltr'>restant</span> 
     </span>
     <span class='ocr_line' id='line_1_8' title="bbox 62 1149 1195 1232; baseline -0.001 -19"><span class='ocrx_word' id='word_1_55' title='bbox 62 1149 252 1215; x_wconf 81' lang='lat' dir='ltr'>chorinerum</span> <span class='ocrx_word' id='word_1_56' title='bbox 272 1173 381 1216; x_wconf 82' lang='lat' dir='ltr'>versus</span> <span class='ocrx_word' id='word_1_57' title='bbox 403 1172 442 1214; x_wconf 82' lang='lat' dir='ltr'>ex</span> <span class='ocrx_word' id='word_1_58' title='bbox 464 1150 618 1214; x_wconf 88' lang='lat' dir='ltr'>hodierna</span> <span class='ocrx_word' id='word_1_59' title='bbox 639 1149 846 1232; x_wconf 73' lang='lat' dir='ltr'>discriptione</span> <span class='ocrx_word' id='word_1_60' title='bbox 868 1149 903 1212; x_wconf 91' lang='lat' dir='ltr'>in</span> <span class='ocrx_word' id='word_1_61' title='bbox 923 1149 1045 1232; x_wconf 89' lang='lat' dir='ltr'>Oedipo</span> <span class='ocrx_word' id='word_1_62' title='bbox 1062 1149 1136 1232; x_wconf 82' lang='lat'>506,</span> <span class='ocrx_word' id='word_1_63' title='bbox 1160 1149 1195 1212; x_wconf 90' lang='lat' dir='ltr'>in</span> 
     </span>
     <span class='ocr_line' id='line_1_9' title="bbox 62 1257 1195 1345; baseline 0.002 -23"><span class='ocrx_word' id='word_1_64' title='bbox 62 1257 233 1336; x_wconf 87' lang='lat' dir='ltr'>Philocteta</span> <span class='ocrx_word' id='word_1_65' title='bbox 255 1261 334 1342; x_wconf 92' lang='grc'><strong>374,</strong></span> <span class='ocrx_word' id='word_1_66' title='bbox 358 1260 393 1324; x_wconf 86' lang='grc'>111</span> <span class='ocrx_word' id='word_1_67' title='bbox 415 1259 596 1324; x_wconf 80' lang='lat' dir='ltr'>Trachiniis</span> <span class='ocrx_word' id='word_1_68' title='bbox 618 1261 697 1324; x_wconf 84' lang='lat'>310:</span> <span class='ocrx_word' id='word_1_69' title='bbox 724 1259 838 1345; x_wconf 87' lang='lat' dir='ltr'>quibus</span> <span class='ocrx_word' id='word_1_70' title='bbox 859 1259 1000 1322; x_wconf 87' lang='lat' dir='ltr'>numeris</span> <span class='ocrx_word' id='word_1_71' title='bbox 1022 1259 1195 1324; x_wconf 88' lang='lat' dir='ltr'>seeundum</span> 
     </span>
     <span class='ocr_line' id='line_1_10' title="bbox 62 1367 1193 1452; baseline 0.001 -21"><span class='ocrx_word' id='word_1_72' title='bbox 62 1367 263 1433; x_wconf 81' lang='lat' dir='ltr'>Lamenliani</span> <span class='ocrx_word' id='word_1_73' title='bbox 291 1369 556 1452; x_wconf 77' lang='lat' dir='ltr'>subscriptionem</span> <span class='ocrx_word' id='word_1_74' title='bbox 584 1369 617 1432; x_wconf 95' lang='lat' dir='ltr'>hi</span> <span class='ocrx_word' id='word_1_75' title='bbox 645 1367 854 1452; x_wconf 89' lang='lat' dir='ltr'>respondent:</span> <span class='ocrx_word' id='word_1_76' title='bbox 881 1369 955 1450; x_wconf 82' lang='grc'><strong>367,</strong></span> <span class='ocrx_word' id='word_1_77' title='bbox 981 1368 1044 1434; x_wconf 88' lang='grc'>308</span> <span class='ocrx_word' id='word_1_78' title='bbox 1066 1369 1193 1434; x_wconf 79' lang='grc'><strong>01250.</strong></span> 
     </span>
     <span class='ocr_line' id='line_1_11' title="bbox 63 1476 1193 1562; baseline 0.003 -23"><span class='ocrx_word' id='word_1_79' title='bbox 63 1476 109 1539; x_wconf 90' lang='lat' dir='ltr'>Ad</span> <span class='ocrx_word' id='word_1_80' title='bbox 128 1478 241 1542; x_wconf 88' lang='lat' dir='ltr'>harum</span> <span class='ocrx_word' id='word_1_81' title='bbox 262 1478 423 1542; x_wconf 87' lang='lat' dir='ltr'>rationum</span> <span class='ocrx_word' id='word_1_82' title='bbox 444 1478 686 1543; x_wconf 88' lang='lat' dir='ltr'>similitudinem</span> <span class='ocrx_word' id='word_1_83' title='bbox 713 1477 877 1562; x_wconf 85' lang='lat' dir='ltr'>aptissima</span> <span class='ocrx_word' id='word_1_84' title='bbox 898 1477 1038 1562; x_wconf 89' lang='lat' dir='ltr'>reliquae</span> <span class='ocrx_word' id='word_1_85' title='bbox 1064 1478 1193 1544; x_wconf 86' lang='lat' dir='ltr'>fabulae</span> 
     </span>
     <span class='ocr_line' id='line_1_12' title="bbox 62 1587 1195 1672; baseline 0.002 -22"><span class='ocrx_word' id='word_1_86' title='bbox 62 1587 394 1672; x_wconf 82' lang='lat' dir='ltr'>accommodabuntur,</span> <span class='ocrx_word' id='word_1_87' title='bbox 428 1589 483 1652; x_wconf 91' lang='lat' dir='ltr'>ubi</span> <span class='ocrx_word' id='word_1_88' title='bbox 511 1588 660 1670; x_wconf 87' lang='lat' dir='ltr'>adiectis,</span> <span class='ocrx_word' id='word_1_89' title='bbox 695 1588 749 1672; x_wconf 92' lang='lat' dir='ltr'>qui</span> <span class='ocrx_word' id='word_1_90' title='bbox 775 1588 872 1652; x_wconf 84' lang='lat' dir='ltr'>facile</span> <span class='ocrx_word' id='word_1_91' title='bbox 899 1591 1071 1672; x_wconf 88' lang='lat' dir='ltr'>potuerunt</span> <span class='ocrx_word' id='word_1_92' title='bbox 1098 1588 1195 1652; x_wconf 89' lang='lat' dir='ltr'>inter·</span> 
     </span>
     <span class='ocr_line' id='line_1_13' title="bbox 63 1695 1196 1783; baseline 0.005 -25"><span class='ocrx_word' id='word_1_93' title='bbox 63 1695 174 1780; x_wconf 85' lang='lat' dir='ltr'>cidere,</span> <span class='ocrx_word' id='word_1_94' title='bbox 199 1699 394 1762; x_wconf 85' lang='lat' dir='ltr'>centenariis</span> <span class='ocrx_word' id='word_1_95' title='bbox 410 1698 550 1762; x_wconf 88' lang='lat' dir='ltr'>numeris</span> <span class='ocrx_word' id='word_1_96' title='bbox 573 1719 612 1762; x_wconf 82' lang='lat' dir='ltr'>ex</span> <span class='ocrx_word' id='word_1_97' title='bbox 630 1697 755 1780; x_wconf 81' lang='lat' dir='ltr'>Aiacis,</span> <span class='ocrx_word' id='word_1_98' title='bbox 778 1697 942 1780; x_wconf 75' lang='lat' dir='ltr'>Electrae,</span> <span class='ocrx_word' id='word_1_99' title='bbox 967 1697 1081 1781; x_wconf 90' lang='lat' dir='ltr'>Oedipi</span> <span class='ocrx_word' id='word_1_100' title='bbox 1096 1697 1196 1783; x_wconf 88' lang='lat' dir='ltr'>Regis</span> 
     </span>
     <span class='ocr_line' id='line_1_14' title="bbox 63 1803 1196 1898; baseline 0.003 -29"><span class='ocrx_word' id='word_1_101' title='bbox 63 1807 168 1885; x_wconf 79' lang='grc' dir='ltr'>(τίχοιε</span> <span class='ocrx_word' id='word_1_102' title='bbox 189 1807 237 1871; x_wconf 89' lang='lat' dir='ltr'>sic</span> <span class='ocrx_word' id='word_1_103' title='bbox 259 1807 294 1873; x_wconf 90' lang='lat' dir='ltr'>in</span> <span class='ocrx_word' id='word_1_104' title='bbox 316 1807 532 1872; x_wconf 83' lang='lat' dir='ltr'>Laurentiano</span> <span class='ocrx_word' id='word_1_105' title='bbox 554 1807 636 1872; x_wconf 87' lang='lat' dir='ltr'>libro</span> <span class='ocrx_word' id='word_1_106' title='bbox 658 1806 807 1891; x_wconf 88' lang='lat' dir='ltr'>proditis:</span> <span class='ocrx_word' id='word_1_107' title='bbox 835 1803 926 1894; x_wconf 54' lang='grc' dir='ltr'><strong>,αμδζ</strong></span> <span class='ocrx_word' id='word_1_108' title='bbox 947 1807 1017 1898; x_wconf 68' lang='lat' dir='ltr'>pii,</span> <span class='ocrx_word' id='word_1_109' title='bbox 1044 1807 1110 1898; x_wconf 67' lang='lat' dir='ltr'>pf,</span> <span class='ocrx_word' id='word_1_110' title='bbox 1137 1807 1196 1872; x_wconf 87' lang='lat' dir='ltr'>hos</span> 
     </span>
     <span class='ocr_line' id='line_1_15' title="bbox 64 1915 1196 2008; baseline 0.004 -30"><span class='ocrx_word' id='word_1_111' title='bbox 64 1915 194 1980; x_wconf 81' lang='lat' dir='ltr'>effeceris</span> <span class='ocrx_word' id='word_1_112' title='bbox 215 1915 323 2005; x_wconf 65' lang='lat' dir='ltr'>,crpb&#39;,</span> <span class='ocrx_word' id='word_1_113' title='bbox 345 1917 436 2004; x_wconf 58' lang='grc' dir='ltr'><strong>,αυμζ</strong></span> <span class='ocrx_word' id='word_1_114' title='bbox 457 1917 540 2008; x_wconf 50' lang='lat' dir='ltr'>,uuit</span> <span class='ocrx_word' id='word_1_115' title='bbox 584 1917 636 1980; x_wconf 90' lang='lat' dir='ltr'>Ita</span> <span class='ocrx_word' id='word_1_116' title='bbox 658 1917 762 2000; x_wconf 89' lang='lat' dir='ltr'>enim,</span> <span class='ocrx_word' id='word_1_117' title='bbox 786 1919 912 1980; x_wconf 81' lang='lat' dir='ltr'>servato</span> <span class='ocrx_word' id='word_1_118' title='bbox 934 1917 1061 2000; x_wconf 90' lang='lat' dir='ltr'>quidem</span> <span class='ocrx_word' id='word_1_119' title='bbox 1086 1917 1196 1982; x_wconf 87' lang='lat' dir='ltr'>eodem</span> 
     </span>
     <span class='ocr_line' id='line_1_16' title="bbox 63 2024 1195 2110; baseline 0.005 -24"><span class='ocrx_word' id='word_1_120' title='bbox 63 2024 233 2089; x_wconf 79' lang='lat' dir='ltr'>fabularum</span> <span class='ocrx_word' id='word_1_121' title='bbox 270 2027 396 2110; x_wconf 86' lang='lat' dir='ltr'>ordine,</span> <span class='ocrx_word' id='word_1_122' title='bbox 431 2027 616 2092; x_wconf 90' lang='lat' dir='ltr'>melicorum</span> <span class='ocrx_word' id='word_1_123' title='bbox 649 2025 825 2091; x_wconf 85' lang='lat' dir='ltr'>canninum</span> <span class='ocrx_word' id='word_1_124' title='bbox 860 2026 1002 2090; x_wconf 85' lang='lat' dir='ltr'>versibus</span> <span class='ocrx_word' id='word_1_125' title='bbox 1033 2027 1195 2092; x_wconf 89' lang='lat' dir='ltr'>hodiernis</span> 
     </span>
     <span class='ocr_line' id='line_1_17' title="bbox 64 2133 1194 2220; baseline 0.005 -24"><span class='ocrx_word' id='word_1_126' title='bbox 64 2133 133 2216; x_wconf 87' lang='grc'><strong>342,</strong></span> <span class='ocrx_word' id='word_1_127' title='bbox 161 2135 234 2219; x_wconf 83' lang='grc'><strong>385,</strong></span> <span class='ocrx_word' id='word_1_128' title='bbox 270 2137 333 2201; x_wconf 87' lang='lat'>313</span> <span class='ocrx_word' id='word_1_129' title='bbox 364 2137 559 2220; x_wconf 90' lang='lat' dir='ltr'>respondent</span> <span class='ocrx_word' id='word_1_130' title='bbox 594 2159 613 2200; x_wconf 84' lang='lat' dir='ltr'>a</span> <span class='ocrx_word' id='word_1_131' title='bbox 641 2136 800 2200; x_wconf 85' lang='lat' dir='ltr'>veteribus</span> <span class='ocrx_word' id='word_1_132' title='bbox 832 2135 979 2220; x_wconf 86' lang='lat' dir='ltr'>discripti</span> <span class='ocrx_word' id='word_1_133' title='bbox 1011 2135 1085 2218; x_wconf 92' lang='grc'>266,</span> <span class='ocrx_word' id='word_1_134' title='bbox 1121 2137 1194 2220; x_wconf 86' lang='grc'><strong>315,</strong></span> 
     </span>
     <span class='ocr_line' id='line_1_18' title="bbox 63 2241 1196 2331; baseline 0.005 -27"><span class='ocrx_word' id='word_1_135' title='bbox 63 2241 128 2306; x_wconf 87' lang='grc'><strong>242.</strong></span> <span class='ocrx_word' id='word_1_136' title='bbox 170 2243 286 2310; x_wconf 79' lang='lat' dir='ltr'>Restat</span> <span class='ocrx_word' id='word_1_137' title='bbox 314 2246 498 2331; x_wconf 86' lang='lat' dir='ltr'>Antigona,</span> <span class='ocrx_word' id='word_1_138' title='bbox 526 2245 670 2309; x_wconf 85' lang='lat' dir='ltr'>diverbia</span> <span class='ocrx_word' id='word_1_139' title='bbox 697 2243 820 2309; x_wconf 89' lang='lat' dir='ltr'>hahens</span> <span class='ocrx_word' id='word_1_140' title='bbox 848 2245 927 2328; x_wconf 80' lang='lat'>915,</span> <span class='ocrx_word' id='word_1_141' title='bbox 957 2245 1084 2310; x_wconf 87' lang='lat' dir='ltr'>cantica</span> <span class='ocrx_word' id='word_1_142' title='bbox 1111 2245 1196 2328; x_wconf 90' lang='lat' dir='ltr'>apud</span> 
     </span>
     <span class='ocr_line' id='line_1_19' title="bbox 65 2349 1196 2440; baseline 0.004 -26"><span class='ocrx_word' id='word_1_143' title='bbox 65 2349 271 2418; x_wconf 84' lang='lat' dir='ltr'>Gaislordium</span> <span class='ocrx_word' id='word_1_144' title='bbox 291 2355 369 2420; x_wconf 84' lang='lat'>438:</span> <span class='ocrx_word' id='word_1_145' title='bbox 393 2377 412 2418; x_wconf 89' lang='lat' dir='ltr'>a</span> <span class='ocrx_word' id='word_1_146' title='bbox 434 2355 548 2440; x_wconf 90' lang='lat' dir='ltr'>quibus</span> <span class='ocrx_word' id='word_1_147' title='bbox 571 2377 643 2420; x_wconf 87' lang='lat' dir='ltr'>eum</span> <span class='ocrx_word' id='word_1_148' title='bbox 664 2354 799 2418; x_wconf 91' lang='lat' dir='ltr'>nimium</span> <span class='ocrx_word' id='word_1_149' title='bbox 821 2354 883 2418; x_wconf 91' lang='grc'><strong>232</strong></span> <span class='ocrx_word' id='word_1_150' title='bbox 906 2353 1041 2436; x_wconf 89' lang='lat' dir='ltr'>distent,</span> <span class='ocrx_word' id='word_1_151' title='bbox 1071 2354 1196 2440; x_wconf 80' lang='lat' dir='ltr'>corrige</span> 
     </span>
     <span class='ocr_line' id='line_1_20' title="bbox 64 2458 1197 2552; baseline 0.005 -30"><span class='ocrx_word' id='word_1_152' title='bbox 64 2458 94 2522; x_wconf 91' lang='lat' dir='ltr'>in</span> <span class='ocrx_word' id='word_1_153' title='bbox 114 2461 319 2528; x_wconf 82' lang='lat' dir='ltr'>Laurentiani</span> <span class='ocrx_word' id='word_1_154' title='bbox 341 2465 575 2548; x_wconf 88' lang='lat' dir='ltr'>subscriptione</span> <span class='ocrx_word' id='word_1_155' title='bbox 598 2466 672 2546; x_wconf 80' lang='grc' dir='ltr'><strong>ετίχ.</strong></span> <span class='ocrx_word' id='word_1_156' title='bbox 694 2461 789 2552; x_wconf 71' lang='grc' dir='ltr'><strong>,01μῖ</strong></span> <span class='ocrx_word' id='word_1_157' title='bbox 811 2485 869 2546; x_wconf 90' lang='lat' dir='ltr'>pro</span> <span class='ocrx_word' id='word_1_158' title='bbox 891 2461 1003 2551; x_wconf 61' lang='grc' dir='ltr'><strong>,αρμϊε</strong></span> <span class='ocrx_word' id='word_1_159' title='bbox 1026 2486 1088 2548; x_wconf 92' lang='lat' dir='ltr'>quo</span> <span class='ocrx_word' id='word_1_160' title='bbox 1109 2464 1147 2528; x_wconf 90' lang='lat' dir='ltr'>fit</span> <span class='ocrx_word' id='word_1_161' title='bbox 1161 2467 1197 2528; x_wconf 92' lang='lat' dir='ltr'>ut</span> 
     </span>
     <span class='ocr_line' id='line_1_21' title="bbox 64 2570 1195 2658; baseline 0.005 -26"><span class='ocrx_word' id='word_1_162' title='bbox 64 2570 159 2636; x_wconf 91' lang='lat' dir='ltr'>melici</span> <span class='ocrx_word' id='word_1_163' title='bbox 184 2595 294 2638; x_wconf 85' lang='lat' dir='ltr'>versus</span> <span class='ocrx_word' id='word_1_164' title='bbox 327 2573 404 2637; x_wconf 93' lang='lat' dir='ltr'>olim</span> <span class='ocrx_word' id='word_1_165' title='bbox 436 2574 499 2640; x_wconf 87' lang='grc'>332</span> <span class='ocrx_word' id='word_1_166' title='bbox 531 2573 661 2638; x_wconf 89' lang='lat' dir='ltr'>fuerint.</span> <span class='ocrx_word' id='word_1_167' title='bbox 713 2573 765 2638; x_wconf 83' lang='lat' dir='ltr'>Sic</span> <span class='ocrx_word' id='word_1_168' title='bbox 797 2572 923 2636; x_wconf 92' lang='lat' dir='ltr'>demum</span> <span class='ocrx_word' id='word_1_169' title='bbox 956 2573 1108 2658; x_wconf 89' lang='lat' dir='ltr'>eundem,</span> <span class='ocrx_word' id='word_1_170' title='bbox 1142 2573 1195 2658; x_wconf 91' lang='lat' dir='ltr'>qui</span> 
     </span>
     <span class='ocr_line' id='line_1_22' title="bbox 65 2676 1196 2766; baseline 0.004 -25"><span class='ocrx_word' id='word_1_171' title='bbox 65 2676 147 2744; x_wconf 91' lang='lat' dir='ltr'>hodie</span> <span class='ocrx_word' id='word_1_172' title='bbox 160 2682 297 2764; x_wconf 85' lang='lat' dir='ltr'>obtinet,</span> <span class='ocrx_word' id='word_1_173' title='bbox 319 2681 502 2747; x_wconf 73' lang='lat' dir='ltr'>sabulonem</span> <span class='ocrx_word' id='word_1_174' title='bbox 516 2705 556 2748; x_wconf 86' lang='lat' dir='ltr'>ex</span> <span class='ocrx_word' id='word_1_175' title='bbox 570 2682 789 2766; x_wconf 84' lang='lat' dir='ltr'>amplitudinis</span> <span class='ocrx_word' id='word_1_176' title='bbox 811 2683 936 2746; x_wconf 88' lang='lat' dir='ltr'>ratione</span> <span class='ocrx_word' id='word_1_177' title='bbox 951 2681 1096 2746; x_wconf 88' lang='lat' dir='ltr'>ordinem</span> <span class='ocrx_word' id='word_1_178' title='bbox 1110 2681 1196 2747; x_wconf 88' lang='lat' dir='ltr'>hunc</span> 
     </span>
     <span class='ocr_line' id='line_1_23' title="bbox 66 2790 1196 2877; baseline 0.005 -27"><span class='ocrx_word' id='word_1_179' title='bbox 66 2790 143 2853; x_wconf 79' lang='lat' dir='ltr'>nacti</span> <span class='ocrx_word' id='word_1_180' title='bbox 156 2813 279 2856; x_wconf 88' lang='lat' dir='ltr'>sumus:</span> <span class='ocrx_word' id='word_1_181' title='bbox 302 2791 460 2876; x_wconf 89' lang='lat' dir='ltr'>Oedipum</span> <span class='ocrx_word' id='word_1_182' title='bbox 475 2792 542 2858; x_wconf 89' lang='grc'><strong>001.</strong></span> <span class='ocrx_word' id='word_1_183' title='bbox 562 2793 644 2858; x_wconf 92' lang='grc'><strong>1630</strong></span> <span class='ocrx_word' id='word_1_184' title='bbox 657 2813 820 2875; x_wconf 81' lang='lat' dir='ltr'>versuum,</span> <span class='ocrx_word' id='word_1_185' title='bbox 843 2791 967 2877; x_wconf 83' lang='lat' dir='ltr'>Regem</span> <span class='ocrx_word' id='word_1_186' title='bbox 990 2792 1082 2874; x_wconf 91' lang='grc'><strong>1460,</strong></span> <span class='ocrx_word' id='word_1_187' title='bbox 1105 2791 1196 2856; x_wconf 82' lang='lat' dir='ltr'>Elec·</span> 
     </span>
     <span class='ocr_line' id='line_1_24' title="bbox 66 2899 1194 2985; baseline 0.006 -26"><span class='ocrx_word' id='word_1_188' title='bbox 66 2899 139 2962; x_wconf 88' lang='lat' dir='ltr'>tram</span> <span class='ocrx_word' id='word_1_189' title='bbox 159 2902 252 2985; x_wconf 89' lang='grc'><strong>1440,</strong></span> <span class='ocrx_word' id='word_1_190' title='bbox 275 2901 488 2966; x_wconf 83' lang='lat' dir='ltr'>Philoctetam</span> <span class='ocrx_word' id='word_1_191' title='bbox 512 2901 602 2985; x_wconf 85' lang='lat'>1405,</span> <span class='ocrx_word' id='word_1_192' title='bbox 625 2902 759 2966; x_wconf 87' lang='lat' dir='ltr'>Aiacem</span> <span class='ocrx_word' id='word_1_193' title='bbox 776 2903 867 2985; x_wconf 89' lang='grc'><strong>1344,</strong></span> <span class='ocrx_word' id='word_1_194' title='bbox 884 2901 1086 2985; x_wconf 84' lang='lat' dir='ltr'>Antigonam</span> <span class='ocrx_word' id='word_1_195' title='bbox 1103 2901 1194 2983; x_wconf 92' lang='grc'><strong>1247,</strong></span> 
     </span>
     <span class='ocr_line' id='line_1_25' title="bbox 66 3003 1195 3096; baseline 0.004 -26"><span class='ocrx_word' id='word_1_196' title='bbox 66 3003 242 3075; x_wconf 73' lang='lat' dir='ltr'>Trachinius</span> <span class='ocrx_word' id='word_1_197' title='bbox 261 3011 352 3076; x_wconf 88' lang='grc'><strong>1220.</strong></span> <span class='ocrx_word' id='word_1_198' title='bbox 384 3011 484 3076; x_wconf 86' lang='lat' dir='ltr'>Simul</span> <span class='ocrx_word' id='word_1_199' title='bbox 499 3015 607 3076; x_wconf 85' lang='lat' dir='ltr'>autem</span> <span class='ocrx_word' id='word_1_200' title='bbox 620 3011 854 3096; x_wconf 89' lang='lat' dir='ltr'>intellegimus,</span> <span class='ocrx_word' id='word_1_201' title='bbox 874 3009 914 3074; x_wconf 84' lang='lat' dir='ltr'>ad</span> <span class='ocrx_word' id='word_1_202' title='bbox 930 3032 1025 3094; x_wconf 88' lang='lat' dir='ltr'>quam</span> <span class='ocrx_word' id='word_1_203' title='bbox 1039 3011 1107 3074; x_wconf 85' lang='lat' dir='ltr'>lere</span> <span class='ocrx_word' id='word_1_204' title='bbox 1121 3031 1195 3074; x_wconf 91' lang='lat' dir='ltr'>nor-</span> 
     </span>
     <span class='ocr_line' id='line_1_26' title="bbox 66 3119 1194 3205; baseline 0.003 -24"><span class='ocrx_word' id='word_1_205' title='bbox 66 3135 140 3181; x_wconf 82' lang='lat' dir='ltr'>mam</span> <span class='ocrx_word' id='word_1_206' title='bbox 153 3123 276 3185; x_wconf 82' lang='lat' dir='ltr'>veteres</span> <span class='ocrx_word' id='word_1_207' title='bbox 292 3119 395 3184; x_wconf 88' lang='lat' dir='ltr'>critici</span> <span class='ocrx_word' id='word_1_208' title='bbox 418 3121 544 3186; x_wconf 80' lang='lat' dir='ltr'>chorios</span> <span class='ocrx_word' id='word_1_209' title='bbox 560 3121 703 3186; x_wconf 84' lang='lat' dir='ltr'>carmina</span> <span class='ocrx_word' id='word_1_210' title='bbox 717 3121 955 3205; x_wconf 87' lang='lat' dir='ltr'>tragoediarum</span> <span class='ocrx_word' id='word_1_211' title='bbox 970 3119 1194 3203; x_wconf 88' lang='lat' dir='ltr'>disposuerint,</span> 
     </span>
     <span class='ocr_line' id='line_1_27' title="bbox 66 3229 1196 3314; baseline 0.004 -26"><span class='ocrx_word' id='word_1_212' title='bbox 66 3245 185 3306; x_wconf 88' lang='lat' dir='ltr'>qaorum</span> <span class='ocrx_word' id='word_1_213' title='bbox 198 3229 372 3294; x_wconf 85' lang='lat' dir='ltr'>versiculos</span> <span class='ocrx_word' id='word_1_214' title='bbox 387 3230 452 3294; x_wconf 89' lang='lat' dir='ltr'>iam</span> <span class='ocrx_word' id='word_1_215' title='bbox 474 3235 608 3314; x_wconf 78' lang='lat' dir='ltr'>apparet</span> <span class='ocrx_word' id='word_1_216' title='bbox 630 3231 664 3296; x_wconf 89' lang='lat' dir='ltr'>in</span> <span class='ocrx_word' id='word_1_217' title='bbox 687 3251 853 3295; x_wconf 90' lang='lat' dir='ltr'>numerum</span> <span class='ocrx_word' id='word_1_218' title='bbox 875 3233 989 3313; x_wconf 75' lang='lat' dir='ltr'>quarta</span> <span class='ocrx_word' id='word_1_219' title='bbox 1005 3229 1196 3294; x_wconf 78' lang='grc' dir='ltr'><strong>011011011οΙ</strong></span> 
     </span>
     <span class='ocr_line' id='line_1_28' title="bbox 66 3335 1193 3425; baseline 0.003 -26"><span class='ocrx_word' id='word_1_220' title='bbox 66 3335 166 3415; x_wconf 82' lang='lat' dir='ltr'>quinta</span> <span class='ocrx_word' id='word_1_221' title='bbox 186 3341 237 3403; x_wconf 83' lang='lat' dir='ltr'>vel</span> <span class='ocrx_word' id='word_1_222' title='bbox 254 3339 352 3403; x_wconf 89' lang='lat' dir='ltr'>etiam</span> <span class='ocrx_word' id='word_1_223' title='bbox 365 3340 463 3404; x_wconf 87' lang='lat' dir='ltr'>tertia</span> <span class='ocrx_word' id='word_1_224' title='bbox 485 3344 576 3425; x_wconf 83' lang='lat' dir='ltr'>perte</span> <span class='ocrx_word' id='word_1_225' title='bbox 591 3341 761 3422; x_wconf 88' lang='lat' dir='ltr'>minorem,</span> <span class='ocrx_word' id='word_1_226' title='bbox 785 3361 880 3424; x_wconf 90' lang='lat' dir='ltr'>quam</span> <span class='ocrx_word' id='word_1_227' title='bbox 898 3339 952 3424; x_wconf 91' lang='lat' dir='ltr'>qui</span> <span class='ocrx_word' id='word_1_228' title='bbox 967 3338 1061 3404; x_wconf 91' lang='lat' dir='ltr'>hodie</span> <span class='ocrx_word' id='word_1_229' title='bbox 1082 3339 1193 3420; x_wconf 81' lang='lat' dir='ltr'>fertur,</span> 
     </span>
     <span class='ocr_line' id='line_1_29' title="bbox 66 3444 1195 3535; baseline 0.004 -28"><span class='ocrx_word' id='word_1_230' title='bbox 66 3444 196 3512; x_wconf 82' lang='lat' dir='ltr'>redactos</span> <span class='ocrx_word' id='word_1_231' title='bbox 217 3449 329 3514; x_wconf 73' lang='lat' dir='ltr'>finisse.</span> <span class='ocrx_word' id='word_1_232' title='bbox 366 3448 537 3514; x_wconf 85' lang='lat' dir='ltr'>Praeterea</span> <span class='ocrx_word' id='word_1_233' title='bbox 560 3454 708 3535; x_wconf 87' lang='lat' dir='ltr'>potuerat</span> <span class='ocrx_word' id='word_1_234' title='bbox 729 3448 813 3514; x_wconf 88' lang='lat' dir='ltr'>hanc</span> <span class='ocrx_word' id='word_1_235' title='bbox 836 3448 1084 3532; x_wconf 85' lang='lat' dir='ltr'>Sophoclearum</span> <span class='ocrx_word' id='word_1_236' title='bbox 1105 3448 1195 3512; x_wconf 85' lang='lat' dir='ltr'>labu-</span> 
     </span>
     <span class='ocr_line' id='line_1_30' title="bbox 67 3549 1195 3642; baseline 0.002 -22"><span class='ocrx_word' id='word_1_237' title='bbox 67 3549 157 3620; x_wconf 77' lang='lat' dir='ltr'>larum</span> <span class='ocrx_word' id='word_1_238' title='bbox 177 3559 393 3639; x_wconf 79' lang='grc' dir='ltr'>ετιχομετρίαν</span> <span class='ocrx_word' id='word_1_239' title='bbox 415 3560 635 3642; x_wconf 88' lang='lat' dir='ltr'>percommode</span> <span class='ocrx_word' id='word_1_240' title='bbox 650 3559 874 3624; x_wconf 82' lang='lat' dir='ltr'>Lachmannus</span> <span class='ocrx_word' id='word_1_241' title='bbox 895 3559 949 3622; x_wconf 89' lang='lat' dir='ltr'>isti</span> <span class='ocrx_word' id='word_1_242' title='bbox 963 3557 1195 3622; x_wconf 87' lang='lat' dir='ltr'>metiendarum</span> 
     </span>
     <span class='ocr_line' id='line_1_31' title="bbox 67 3661 1194 3753; baseline 0.002 -21"><span class='ocrx_word' id='word_1_243' title='bbox 67 3661 291 3748; x_wconf 77' lang='lat' dir='ltr'>tragoediarum</span> <span class='ocrx_word' id='word_1_244' title='bbox 314 3669 450 3734; x_wconf 91' lang='lat' dir='ltr'>artificio</span> <span class='ocrx_word' id='word_1_245' title='bbox 472 3669 638 3752; x_wconf 88' lang='lat' dir='ltr'>adhibere,</span> <span class='ocrx_word' id='word_1_246' title='bbox 662 3668 745 3753; x_wconf 87' lang='lat' dir='ltr'>quod</span> <span class='ocrx_word' id='word_1_247' title='bbox 767 3669 801 3732; x_wconf 90' lang='lat' dir='ltr'>in</span> <span class='ocrx_word' id='word_1_248' title='bbox 822 3668 904 3732; x_wconf 88' lang='lat' dir='ltr'>libro</span> <span class='ocrx_word' id='word_1_249' title='bbox 927 3668 965 3732; x_wconf 90' lang='lat' dir='ltr'>de</span> <span class='ocrx_word' id='word_1_250' title='bbox 988 3668 1123 3732; x_wconf 89' lang='lat' dir='ltr'>choricis</span> <span class='ocrx_word' id='word_1_251' title='bbox 1145 3691 1194 3752; x_wconf 80' lang='lat' dir='ltr'>sy-</span> 
     </span>
     <span class='ocr_line' id='line_1_32' title="bbox 68 3773 1195 3863; baseline 0.005 -28"><span class='ocrx_word' id='word_1_252' title='bbox 68 3773 197 3839; x_wconf 83' lang='lat' dir='ltr'>stematis</span> <span class='ocrx_word' id='word_1_253' title='bbox 224 3799 282 3842; x_wconf 88' lang='lat' dir='ltr'>suo</span> <span class='ocrx_word' id='word_1_254' title='bbox 310 3778 490 3862; x_wconf 79' lang='lat' dir='ltr'>explicavit.</span> <span class='ocrx_word' id='word_1_255' title='bbox 542 3777 665 3862; x_wconf 83' lang='lat' dir='ltr'>Quippe</span> <span class='ocrx_word' id='word_1_256' title='bbox 695 3800 712 3842; x_wconf 88' lang='lat' dir='ltr'>e</span> <span class='ocrx_word' id='word_1_257' title='bbox 740 3782 861 3862; x_wconf 80' lang='lat' dir='ltr'>septem</span> <span class='ocrx_word' id='word_1_258' title='bbox 895 3777 1012 3842; x_wconf 84' lang='lat' dir='ltr'>fabulis</span> <span class='ocrx_word' id='word_1_259' title='bbox 1045 3781 1195 3863; x_wconf 86' lang='lat' dir='ltr'>quattuor</span> 
     </span>
     <span class='ocr_line' id='line_1_33' title="bbox 67 3885 1195 3980; baseline 0.005 -36"><span class='ocrx_word' id='word_1_260' title='bbox 67 3885 146 3964; x_wconf 80' lang='lat' dir='ltr'>sunt,</span> <span class='ocrx_word' id='word_1_261' title='bbox 167 3907 307 3980; x_wconf 85' lang='lat' dir='ltr'>¹quarum</span> <span class='ocrx_word' id='word_1_262' title='bbox 334 3888 440 3952; x_wconf 88' lang='lat' dir='ltr'>melici</span> <span class='ocrx_word' id='word_1_263' title='bbox 468 3909 577 3953; x_wconf 84' lang='lat' dir='ltr'>versus</span> <span class='ocrx_word' id='word_1_264' title='bbox 607 3888 646 3952; x_wconf 89' lang='lat' dir='ltr'>de</span> <span class='ocrx_word' id='word_1_265' title='bbox 675 3887 812 3972; x_wconf 88' lang='lat' dir='ltr'>pristina</span> <span class='ocrx_word' id='word_1_266' title='bbox 845 3888 972 3972; x_wconf 88' lang='lat' dir='ltr'>quidem</span> <span class='ocrx_word' id='word_1_267' title='bbox 1000 3887 1195 3953; x_wconf 88' lang='lat' dir='ltr'>canticorum</span> 
     </span>
     <span class='ocr_line' id='line_1_34' title="bbox 68 3985 1194 4081; baseline 0.005 -28"><span class='ocrx_word' id='word_1_268' title='bbox 68 3985 260 4076; x_wconf 81' lang='lat' dir='ltr'>discriptione</span> <span class='ocrx_word' id='word_1_269' title='bbox 301 3996 335 4060; x_wconf 92' lang='lat' dir='ltr'>in</span> <span class='ocrx_word' id='word_1_270' title='bbox 372 3997 588 4080; x_wconf 86' lang='lat' dir='ltr'>septenarium</span> <span class='ocrx_word' id='word_1_271' title='bbox 621 4017 788 4062; x_wconf 89' lang='lat' dir='ltr'>numerum</span> <span class='ocrx_word' id='word_1_272' title='bbox 824 4019 951 4081; x_wconf 87' lang='lat' dir='ltr'>prorsus</span> <span class='ocrx_word' id='word_1_273' title='bbox 985 3997 1194 4062; x_wconf 82' lang='lat' dir='ltr'>conveniunt:</span> 
     </span>
     <span class='ocr_line' id='line_1_35' title="bbox 69 4095 1195 4191; baseline 0.005 -27"><span class='ocrx_word' id='word_1_274' title='bbox 69 4095 196 4184; x_wconf 86' lang='lat' dir='ltr'>Oedipus</span> <span class='ocrx_word' id='word_1_275' title='bbox 218 4103 305 4187; x_wconf 85' lang='lat' dir='ltr'>Ool,</span> <span class='ocrx_word' id='word_1_276' title='bbox 333 4105 529 4189; x_wconf 87' lang='lat' dir='ltr'>Philocteta,</span> <span class='ocrx_word' id='word_1_277' title='bbox 558 4105 703 4189; x_wconf 84' lang='lat' dir='ltr'>Electra,</span> <span class='ocrx_word' id='word_1_278' title='bbox 731 4107 825 4172; x_wconf 82' lang='lat' dir='ltr'>Aiax.</span> <span class='ocrx_word' id='word_1_279' title='bbox 870 4107 977 4191; x_wconf 89' lang='lat' dir='ltr'>Atque</span> <span class='ocrx_word' id='word_1_280' title='bbox 1005 4107 1041 4170; x_wconf 93' lang='lat' dir='ltr'>in</span> <span class='ocrx_word' id='word_1_281' title='bbox 1065 4105 1195 4170; x_wconf 79' lang='lat' dir='ltr'>Trachi·</span> 
     </span>
     <span class='ocr_line' id='line_1_36' title="bbox 69 4207 1193 4302; baseline 0.012 -34"><span class='ocrx_word' id='word_1_282' title='bbox 69 4207 181 4274; x_wconf 84' lang='lat' dir='ltr'>uiarum</span> <span class='ocrx_word' id='word_1_283' title='bbox 203 4217 289 4278; x_wconf 85' lang='lat' dir='ltr'>certe</span> <span class='ocrx_word' id='word_1_284' title='bbox 312 4217 344 4278; x_wconf 92' lang='grc'>01</span> <span class='ocrx_word' id='word_1_285' title='bbox 366 4215 481 4300; x_wconf 88' lang='lat' dir='ltr'>Oedipi</span> <span class='ocrx_word' id='word_1_286' title='bbox 502 4215 602 4300; x_wconf 86' lang='lat' dir='ltr'>Regis</span> <span class='ocrx_word' id='word_1_287' title='bbox 624 4219 821 4300; x_wconf 78' lang='grc' dir='ltr'>ετιχομετρίᾳ</span> <span class='ocrx_word' id='word_1_288' title='bbox 842 4239 938 4302; x_wconf 91' lang='lat' dir='ltr'>quam</span> <span class='ocrx_word' id='word_1_289' title='bbox 958 4217 1055 4282; x_wconf 85' lang='lat' dir='ltr'>facile</span> <span class='ocrx_word' id='word_1_290' title='bbox 1081 4215 1193 4300; x_wconf 88' lang='lat' dir='ltr'>possit,</span> 
     </span>
     <span class='ocr_line' id='line_1_37' title="bbox 70 4325 1195 4410; baseline 0.008 -29"><span class='ocrx_word' id='word_1_291' title='bbox 70 4335 130 4380; x_wconf 81' lang='lat' dir='ltr'>cum</span> <span class='ocrx_word' id='word_1_292' title='bbox 150 4341 213 4385; x_wconf 87' lang='lat' dir='ltr'>una</span> <span class='ocrx_word' id='word_1_293' title='bbox 234 4325 357 4388; x_wconf 91' lang='lat' dir='ltr'>numeri</span> <span class='ocrx_word' id='word_1_294' title='bbox 372 4325 496 4389; x_wconf 88' lang='lat' dir='ltr'>notatio</span> <span class='ocrx_word' id='word_1_295' title='bbox 512 4329 598 4390; x_wconf 81' lang='grc'><strong>00110</strong></span> <span class='ocrx_word' id='word_1_296' title='bbox 618 4326 785 4410; x_wconf 83' lang='lat' dir='ltr'>exciderit,</span> <span class='ocrx_word' id='word_1_297' title='bbox 810 4328 964 4392; x_wconf 84' lang='lat' dir='ltr'>excidisse</span> <span class='ocrx_word' id='word_1_298' title='bbox 979 4326 1078 4392; x_wconf 86' lang='lat' dir='ltr'>etiam</span> <span class='ocrx_word' id='word_1_299' title='bbox 1093 4327 1195 4392; x_wconf 87' lang='lat' dir='ltr'>altera</span> 
     </span>
    </p>
   </div>
   <div class='ocr_carea' id='block_1_3' title="bbox 0 0 1509 5140">
    <p class='ocr_par' dir='ltr' id='par_1_3' title="bbox 0 0 1509 5140">
     <span class='ocr_line' id='line_1_38' title="bbox 0 0 1509 5140; baseline 0 0"><span class='ocrx_word' id='word_1_300' title='bbox 0 0 1509 5140; x_wconf 95' lang='lat' dir='ltr'> </span> 
     </span>
    </p>
   </div>
  </div>
 </body>
</html>
