3052 5136
352 383 499 432 scuanrs
522 383 670 432 cerritus
694 383 874 432 errarem.
1122 369 1183 432 763

56 536 146 621 psisti.
189 535 457 620 Valckenarium,
486 543 521 602 ut
543 538 673 621 opinor,
703 541 738 602 tu
764 537 823 602 tibi
852 537 1043 604 imitandum
1071 561 1183 635 propo-

55 669 167 730 sueras,
194 667 350 731 magnum
373 651 506 712 sancet
534 648 656 712 illustre
679 649 873 732 exemplum:
902 650 956 713 sed
983 649 1055 714 vide
1083 671 1124 714 ne
1152 652 1184 714 ct

55 780 87 821 ea
106 751 245 824 imitatus
267 758 328 840 sis,
356 780 437 842 quae
465 781 530 824 non
559 757 713 841 debebas,
748 763 781 822 et
808 759 854 822 ita
882 758 925 823 sis
954 759 1115 844 imitatus,
1148 763 1184 824 ut

56 870 151 932 tamen
173 891 192 932 a
214 869 268 933 via
292 869 347 934 illa
368 868 517 934 nonnihil
540 869 732 934 discesseris.
760 867 850 934 lilius
873 869 959 933 enim
981 869 1041 934 viri
1064 871 1184 955 scripta

55 976 205 1043 hilaritate
232 979 371 1064 quadam
399 980 503 1046 tincta
529 984 619 1062 srmt,
648 979 739 1064 quasi
766 979 906 1044 ludentis
933 981 1097 1064 tusamque
1125 981 1183 1045 has

55 1087 166 1154 litteras
188 1090 390 1175 deputantis:
418 1095 474 1156 tua
502 1094 608 1155 autem
631 1091 771 1155 brevitas
794 1091 902 1155 nescio
924 1091 1079 1174 quomodo
1101 1113 1183 1174 peue

55 1219 166 1264 morosa
187 1205 220 1264 et
243 1201 403 1266 contracti
425 1201 587 1285 supercilii
603 1221 671 1264 esse
688 1201 822 1264 ridetur.
846 1199 936 1274 Quod
958 1200 985 1266 si
1007 1223 1058 1264 me
1081 1200 1182 1283 audis,

55 1309 148 1391 potius
175 1310 215 1375 R.
239 1310 425 1376 Bentleinm
452 1311 636 1394 imitabere,
655 1305 724 1395 'qui
752 1332 833 1395 quae
861 1311 1006 1396 scripsit,
1035 1311 1083 1376 ita
1110 1315 1185 1376 suut

55 1419 176 1504 scripta,
200 1425 237 1486 ut
265 1422 460 1486 ambulando
482 1421 546 1507 legi
569 1422 709 1506 possint,
736 1443 839 1506 neque
861 1421 979 1486 autad
1003 1421 1185 1506 intelligen-

55 1527 118 1594 dum
138 1531 238 1597 multa
255 1531 486 1614 dubitatione,
520 1536 576 1597 aut
602 1533 642 1596 ad
670 1531 874 1596 iudicandum
908 1533 1000 1616 copia
1032 1532 1185 1595 librorum

55 1659 122 1720 opus
142 1639 295 1707 babeant.
333 1641 420 1718 Quae
448 1643 518 1727 quia
541 1645 710 1727 propterea
732 1642 838 1708 minus
860 1641 955 1708 docte
978 1647 1034 1706 aut
1055 1641 1185 1706 subtilia

55 1769 113 1813 csse
141 1751 357 1835 existimabit,
389 1775 483 1836 quam
517 1753 543 1816 si
576 1753 718 1837 concise,
752 1752 901 1835 obscure,
936 1751 1047 1818 ordine
1079 1775 1185 1817 rerum

55 1842 185 1942 quaesita
215 1861 357 1947 quadam
384 1863 587 1948 negligentia
621 1863 807 1948 perturbato
841 1863 927 1928 dicta
960 1863 1099 1928 essene
1138 1862 1183 1927 Te

54 1970 182 2056 quidem,
211 1972 267 2056 qui
294 1976 410 2038 natura
432 1973 563 2038 minime
591 1996 733 2040 morosus
766 1997 816 2057 es,
850 1995 910 2060 ego
938 1973 995 2038 illa
1027 1973 1184 2038 brevitate
1202 1987 1230 2036 lv

54 2078 159 2146 idcirco
180 2105 270 2147 nunc
293 2105 384 2148 usum
406 2105 475 2148 esse
497 2088 591 2168 pute,
622 2107 683 2168 quo
711 2085 821 2169 paucis
843 2084 972 2169 paginis
1001 2105 1095 2168 quam
1116 2085 1185 2168 plu-

54 2189 124 2255 rima
151 2193 410 2278 complectererc.
456 2193 558 2270 Quam
586 2195 823 2259 excusationem
852 2195 975 2279 accipio
1002 2217 1095 2278 sene,
1130 2194 1185 2258 sed

54 2298 106 2383 ita,
127 2307 162 2367 nt
183 2303 287 2368 amice
311 2325 473 2386 moneam,
497 2304 576 2368 velis
599 2327 727 2388 cavere,
757 2327 797 2368 ne
826 2329 863 2368 ea
891 2306 974 2370 ratio
1002 2306 1036 2370 iu
1064 2327 1184 2368 morem

54 2413 81 2471 ct
100 2413 359 2478 consuetudinem
382 2419 496 2478 vertat.
534 2414 606 2478 Etsi
629 2417 715 2479 enim
736 2415 916 2480 molestiam
938 2415 1090 2479 librorum
1114 2437 1184 2480 coa-

55 2522 272 2589 cervandorum
299 2525 429 2610 egregie
458 2525 672 2609 compensasti
700 2525 957 2590 observationum
985 2524 1124 2589 utilitate
1152 2530 1184 2589 et

54 2635 255 2718 praestantia,
280 2640 389 2698 tamen
413 2655 469 2700 cur
489 2657 572 2719 non,
601 2657 697 2720 quum
720 2657 843 2719 posses,
873 2636 970 2700 etiam
998 2636 1106 2702 labore
1128 2635 1184 2698 illo

56 2737 192 2808 lectorem
214 2745 354 2809 levasti?
376 2743 438 2810 Sed
460 2767 546 2810 nunc
569 2746 696 2830 quidem
720 2745 894 2811 cedendum
921 2747 981 2810 tibi
1003 2747 1074 2810 fuit.
1119 2747 1184 2811 Ita·

54 2870 105 2930 que
125 2855 249 2939 accipe,
279 2855 362 2939 quod
390 2875 450 2938 ego
477 2877 597 2940 magna
624 2855 776 2921 librorum
804 2857 836 2920 ri
864 2861 988 2940 septus,
1023 2857 1077 2940 qui
1105 2856 1183 2920 mihi

55 2957 110 3022 iam
131 2969 313 3029 corruentes
337 2966 601 3030 atramentarium
629 2971 830 3051 everterunt,
859 2967 898 3032 de
926 2966 1100 3050 scriptione
1127 2969 1183 3031 tua

54 3067 200 3138 adnotari.
246 3073 363 3139 Dicam
385 3077 492 3139 autem
521 3075 560 3140 de
586 3077 635 3142 his
658 3081 800 3160 tautum,
830 3078 870 3141 de
896 3077 1009 3162 quibus
1037 3081 1093 3140 aut
1120 3076 1182 3140 dis-

53 3181 144 3245 sentio
165 3207 184 3247 a
205 3189 257 3268 te,
282 3189 337 3248 aut
361 3189 445 3249 certe
468 3185 588 3252 dubito

126 3291 265 3359 Exorans
292 3317 367 3360 esa
395 3295 589 3381 Sosiphanc,
618 3298 758 3382 probans
789 3301 825 3361 ut
851 3297 993 3380 videtur,
1022 3298 1056 3361 iu
1085 3297 1183 3362 Suida

53 3401 296 3469 emendationem
319 3405 464 3488 Kusteri,
488 3407 675 3487 (ωειφάνηε
703 3409 914 3490 (ωεικλέουε,
943 3429 1001 3490 pro
1024 3431 1072 3489 eo,
1098 3407 1181 3490 quod

52 3505 116 3572 libri
147 3513 285 3597 habent,
319 3515 521 3598 (merebroc,
562 3517 682 3596 ὁμοίως
715 3519 836 3598 κύριον.
887 3517 1052 3596 (maistin.
1101 3516 1181 3580 Mihi

51 3613 121 3683 haec
141 3623 234 3688 valde
256 3625 427 3693 temeraria
450 3615 630 3691 emendatio
652 3627 786 3692 videtur.
826 3627 932 3690 Minus
956 3627 1180 3711 improbarem,

52 3724 74 3787 si
95 3729 154 3796 alio
175 3737 305 3800 auctore
334 3739 513 3818 constaret,
543 3735 714 3820 Sosiphani
742 3743 867 3821 patrem
894 3739 994 3801 fuisse
1018 3736 1180 3802 Sosiclem.

52 3832 157 3909 Quidni
185 3844 398 3928 corrigamus,
432 3845 515 3930 quod
544 3847 612 3930 ipse
646 3847 825 3912 litterarum
858 3847 935 3912 ordo
966 3846 1181 3912 commendat:

52 3944 207 4032 (ωεικλῆε,
231 3955 351 4033 ὁμοίω(
373 3957 494 4036 κύριον.
541 3957 729 4038 (merebroc
753 3959 974 4037 (υρακούειοε.
1022 3956 1181 4040 Antiquus

52 4075 144 4142 error,
171 4085 266 4146 quem
292 4065 388 4128 etiam
411 4065 554 4130 Eudocia
577 4067 735 4130 exhibeat.
778 4067 816 4131 ln
840 4067 889 4130 bis
918 4088 1009 4149 vero,
1039 4065 1181 4150 quaeda

53 4161 217 4250 b'osiphane
240 4174 339 4238 tradit
362 4175 492 4258 Suidas,
517 4199 618 4260 neque
640 4177 835 4260 imperitiam
858 4176 923 4240 eius
941 4198 1098 4258 accusem,
1122 4198 1182 4240 nec

53 4270 145 4342 locum
166 4282 312 4348 mutilum
334 4307 402 4350 esse
426 4286 562 4350 credam.
600 4285 674 4352 Non
698 4288 784 4352 euim
811 4286 981 4351 conciliare
1003 4287 1057 4350 ille
1080 4285 1180 4350 diver-

52 4403 96 4447 sas
116 4393 314 4458 narrationes
340 4394 491 4480 voluisse,
521 4397 593 4480 sed,
622 4402 658 4462 ut
685 4398 788 4464 solent
816 4396 992 4462 istiusmodi
1022 4417 1180 4483 gramma-
1307 4389 1311 4398 ’
