2942 5134
280 323 343 384 412
707 339 752 384 ua
777 339 975 384 auauuoms

282 497 302 570 ξ
325 491 367 556 30
389 513 419 573 p.
444 493 464 552 ῐι
487 491 534 554 erl.
560 492 695 555 Dahas:
725 492 924 570 cuvexpdvrce
947 493 982 555 δὲ
1005 491 1243 574 (Θουκυδίδηκ),
1272 491 1311 554 ὥ(
1331 513 1390 572 φηιι

282 603 491 683 Πραξιφάνης
514 603 549 666 ἐν
571 609 617 686 τῷ
641 603 713 679 περὶ
735 601 887 680 inopiae,
909 601 1061 666 Πλάτωνι
1083 607 1128 684 τῷ
1152 608 1283 686 κωμικῷ,
1305 602 1389 676 Ἀγά.

282 719 377 777 θωνι
405 717 593 795 τραγικῷ,
625 713 790 795 Νικηράτῳ
819 712 967 795 ἐποποιῷ
995 713 1045 775 καὶ
1075 711 1211 794 Χοιρίλῳ
1239 713 1287 774 καὶ
1308 713 1390 776 Μελι-

282 822 427 906 νιππίδῃ·
457 823 507 885 καὶ
535 823 603 885 ἐπεὶ
626 823 681 898 μὲν
706 822 758 898 ἔζη
783 822 967 899 Ἀρχέλαος,
998 821 1114 886 ἄδοξος
1136 821 1175 898 ἡν
1203 842 1229 884 e.
1253 843 1281 904 q.
1305 843 1328 883 s.
1364 819 1391 882 la
1450 871 1451 880 ,

282 931 394 1015 quibus
429 931 579 994 Archelai
616 930 873 994 commemoratio
909 930 1099 994 mirabiliter
1136 930 1229 993 elusit
1263 929 1393 993 Doduclh

282 1045 522 1125 praeposterum
556 1062 689 1104 acumen
724 1042 907 1122 Apparatus
942 1039 981 1103 ad
1009 1039 1130 1102 Annal.
1160 1025 1299 1124 Thucpd.
1330 1039 1394 1119 §96

283 1175 313 1234 p.
341 1153 377 1213 17
402 1174 469 1234 sqq.
494 1151 595 1214 Dua:
628 1173 723 1233 quam
746 1149 872 1232 quidem
900 1150 1134 1233 ineptissimam
1162 1169 1229 1213 esse
1256 1150 1395 1233 praeclare

283 1261 362 1322 vidit
398 1261 598 1324 acutissimus
632 1282 743 1323 censor
770 1259 963 1342 Thucydidis
991 1259 1193 1342 Popponiani
1220 1260 1256 1322 in
1282 1257 1394 1342 Ephem.

284 1369 431 1454 Gotting.
456 1393 484 1433 a.
510 1369 796 1436 CIOIOCOOXXH
819 1392 850 1453 p.
867 1369 958 1434 1046.
998 1369 1095 1434 Cuius
1117 1369 1241 1433 monitu
1265 1391 1330 1432 cunr
1349 1369 1396 1450 pri·

283 1479 355 1542 clem
384 1480 534 1543 Archelai
563 1501 680 1542 nomeu
713 1480 804 1542 uncis
832 1480 1013 1542 inclusisset
1041 1479 1119 1542 Lud.
1149 1478 1342 1550 Dindorfius‚
1374 1477 1395 1538 ιιι

284 1589 418 1652 eandem
446 1590 661 1652 coniecturam
688 1589 792 1652 denuo
819 1588 934 1652 incidit
961 1589 1134 1652 Grauertus
1161 1611 1193 1671 p.
1219 1589 1281 1652 190
1307 1587 1398 1651 Obser-

284 1699 447 1762 vationum
476 1699 544 1762 crit.
569 1700 602 1762 in
627 1699 806 1762 Marcellini
834 1699 934 1761 vitam
956 1699 1073 1780 Thac,
1103 1720 1182 1782 quae
1210 1699 1353 1782 leguntur
1375 1695 1397 1756 ιιι

285 1808 385 1871 blusei
414 1808 563 1871 Rhenani
594 1807 828 1895 [Niebuhriani]
863 1809 926 1872 vol.
949 1809 974 1872 l.
1019 1808 1240 1891 Praxiphaues
1269 1827 1337 1870 vero
1360 1804 1399 1866 ille
1451 1849 1452 1854 η

284 1940 361 1982 ιιιιιιι
383 1917 465 1981 idem
481 1919 523 1981 sit
544 1941 581 1982 ac
593 1919 806 2003 Theophrasti
821 1918 1003 2004 discipulus,
1027 1918 1181 2000 Rhodius,
1205 1939 1298 2002 quem
1318 1917 1399 2000 ipsun

287 2109 486 2118 -α---.---.

285 2239 338 2289 que
356 2223 423 2276 illud
442 2225 553 2290 quidem
573 2225 653 2278 facile
672 2226 743 2289 fero,
767 2224 841 2290 quod
860 2241 916 2277 non
935 2224 1029 2277 defore
1047 2223 1200 2292 praevideo
1223 2223 1271 2289 qui
1289 2219 1401 2288 quaestio

285 2334 350 2368 uum
369 2317 626 2384 chronologicarum
643 2317 785 2386 pusillam,
809 2319 838 2370 ut
857 2318 948 2382 aima,
971 2315 1124 2370 exilitatem
1141 2315 1322 2384 putidumque
1339 2329 1402 2378 quaa

285 2409 349 2460 dam
377 2410 553 2463 sedulitatem
576 2411 656 2463 valde
679 2410 824 2463 frustidiaut
852 2412 880 2464 et
903 2410 1111 2463 stomachentur
1137 2407 1346 2462 incredibiliter:
1370 2403 1402 2469 qui

285 2501 395 2566 quidem
419 2519 469 2554 nec
488 2520 558 2568 quae
582 2503 617 2554 sit
636 2503 707 2555 ratio
732 2503 825 2569 etqui
848 2503 908 2554 linis
932 2501 1100 2570 philologiae
1121 2500 1274 2554 historicae
1295 2515 1402 2568 pernosse

285 2593 425 2659 videntur,
448 2613 499 2648 uec
517 2595 584 2647 illud
603 2599 747 2663 reputare,
771 2613 826 2648 non
845 2613 926 2663 posse
946 2595 979 2648 tle,
1002 2613 1031 2648 re
1052 2610 1194 2660 quaquam
1212 2593 1360 2662 generatim
1375 2599 1403 2640 at·
1452 2635 1453 2644 ι

239 2693 267 2742 lv
285 2703 338 2753 que
357 2687 482 2741 universe
505 2688 631 2750 iudicari,
656 2688 708 2740 nisi
728 2689 836 2756 singula
855 2704 993 2754 quaeque,
1017 2689 1120 2752 quanto
1139 2685 1200 2738 ficri
1218 2687 1348 2740 acerrimo
1364 2690 1403 2734 slu-

286 2779 331 2832 aio
354 2781 443 2848 possit
467 2782 623 2849 explorata.
646 2783 674 2834 iu
696 2784 827 2849 promptu
851 2781 969 2833 habeas:
1000 2797 1054 2845 quo
1076 2778 1104 2831 in
1123 2797 1228 2846 genere
1249 2780 1288 2831 ms
1311 2777 1403 2840 insigna

286 2873 407 2926 cernitur
423 2874 452 2926 iu
472 2874 566 2928 subtili
585 2877 742 2942 temporum
761 2873 988 2940 investigatione,
1012 2889 1082 2938 quae
1104 2873 1135 2924 ut
1153 2873 1201 2924 lux
1218 2871 1347 2924 historiae
1364 2885 1404 2918 ure

285 2966 339 3017 rito
358 2967 500 3034 appellata
520 2971 575 3025 est,
599 2968 638 3018 ita
660 2967 799 3020 innuerito
818 2987 834 3018 a
854 2965 1019 3032 qnilmsrlam
1037 2964 1118 3018 hodie
1138 2965 1332 3017 contemnitur.
1364 2957 1404 3011 Sal

285 3076 341 3110 nou
364 3058 422 3110 sinc
441 3060 568 3112 molestia
587 3060 707 3126 quadam
725 3076 788 3112 mea
811 3059 964 3128 sepositum
986 3061 1029 3112 est
1050 3055 1159 3109 initium
1178 3056 1345 3125 scriptionis:
1365 3069 1404 3117 ηιι·

287 3152 389 3203 lactum
413 3155 454 3203 est
479 3155 509 3203 at
532 3155 723 3205 resecarentur
746 3152 899 3205 floricliores
923 3150 1128 3205 commentandi
1152 3149 1218 3214 loci,
1243 3148 1339 3215 quibus
1359 3162 1403 3196 am

287 3244 404 3297 aliorum
423 3261 508 3312 opera
526 3245 731 3310 aemirnaretur,
756 3247 815 3296 trun
832 3245 920 3298 nostri
943 3243 1063 3297 instituti
1081 3246 1110 3296 et
1126 3241 1200 3320 ratio
1218 3242 1372 3295 redderetur
1386 3243 1403 3286 ι’.

288 3335 436 3390 salubritas
460 3338 713 3399 eorrrrrwrularctrrr,
743 3339 802 3390 trun
825 3337 881 3390 alia
903 3337 1041 3403 quaedam
1070 3335 1104 3388 cle
1126 3334 1238 3402 tragica
1261 3335 1404 3388 Graecorua

286 3429 365 3496 poesi
384 3429 592 3495 dis-sererentur,
611 3447 682 3496 (prae
701 3431 758 3484 fere
776 3431 886 3498 placere
906 3430 996 3483 solent
1013 3429 1052 3482 eis
1072 3427 1118 3494 qui
1136 3427 1173 3481 ad
1191 3427 1335 3481 interiores
1352 3423 1405 3475 lille

288 3540 333 3574 ras
351 3540 406 3576 non
425 3526 608 3576 accesserunt.
644 3524 741 3589 ltaque
761 3523 936 3590 quantumvis
955 3523 990 3576 ab
1015 3539 1110 3575 eorum
1129 3537 1182 3588 ego
1207 3521 1365 3574 abhorream
1380 3516 1404 3565 ie·

287 3615 405 3668 iunitate
424 3616 478 3682 qui,
498 3616 577 3682 qrrasi
596 3634 708 3669 carmen
726 3616 847 3669 condant
865 3615 910 3669 vel
927 3615 1050 3669 falmiam
1070 3617 1164 3681 agant,
1183 3613 1213 3666 in
1231 3612 1347 3666 mediam
1363 3625 1404 3660 reu

289 3708 384 3759 statim
408 3709 585 3776 abripicudos
609 3710 727 3762 lectores
752 3727 812 3762 esse
832 3708 883 3760 sibi
902 3707 1083 3776 persuadent,
1107 3710 1203 3760 tamen
1226 3724 1300 3758 nuno
1318 3702 1405 3770 qaam

288 3801 454 3855 necessitate
478 3806 594 3868 urgente
618 3802 790 3855 istiusmodi
813 3800 989 3854 sterilitatem
1017 3801 1102 3854 etiam
1124 3799 1268 3867 superari,
1291 3801 1364 3863 atquc
1386 3809 1404 3842 111

287 3895 438 3961 fragmenti
463 3896 581 3963 speciem
607 3913 718 3948 exorsus
742 3913 802 3946 sum
826 3895 988 3947 orationem.
1025 3892 1079 3946 Sed
1097 3893 1166 3945 haec
1184 3892 1331 3945 hactenus:
1350 3904 1405 3939 aaa·

289 4005 341 4052 ηιιο
365 3988 466 4040 (liutius
496 3989 521 4039 ιιι
546 3989 588 4041 his
612 3987 798 4054 ccurquereudi
826 3987 1028 4051 excusaudique
1052 3985 1186 4038 molestiis
1211 3983 1315 4037 versari
1336 3981 1406 4046 eraut

289 4088 336 4130 οιίἰ
356 4087 485 4146 ρι·ιιιιιιιι”·.)’
523 4083 660 4146 lt'cfteruua
687 4099 757 4146 iprae
781 4097 894 4131 caussae
920 4079 1034 4140 luerint,
1059 4096 1105 4130 cur
1123 4077 1194 4130 haec
1218 4070 1404 4129 commentaria·

289 4189 337 4223 ncs
362 4173 565 4236 Auathuuicac,
595 4192 725 4238 ιιιιιριιιιιιι
755 4192 803 4225 cac
827 4175 936 4240 partem
964 4171 1020 4224 iarn
1042 4170 1116 4239 typis
1140 4169 1310 4237 exscriptae,
1337 4167 1405 4218 lue-:m

290 4281 438 4328 numquam
462 4265 600 4328 viderent,
630 4271 695 4332 post
725 4266 850 4333 clapsum
880 4264 1005 4318 xxxvl!
1036 4280 1171 4317 anrrorrnn
1202 4263 1322 4332 spatium
1343 4255 1405 4310 hodie

289 4373 418 4410 errarrare
438 4357 505 4409 nihil
523 4358 643 4425 attinet]
