2952 5132
447 325 567 406 aaavu
590 357 852 408 soarsroarsvs.
1154 341 1216 410 457

84 514 280 592 θρατυδαῑον
303 512 483 577 Θετταλοὺς
506 511 730 592 ἀντεροῦντας.
761 511 847 576 Num
861 511 942 576 haee
963 533 1086 596 quoque
1109 533 1125 576 e
1148 533 1217 596 sep-

84 623 158 686 timo
185 622 266 686 libro
293 621 523 686 Macedonicos
556 621 659 705 petita
693 621 759 686 sint
791 625 966 705 octavoque
993 644 1036 686 au
1063 642 1148 686 nono
1176 623 1216 686 ad

84 731 256 796 Alexandri
289 753 339 798 res
372 734 481 816 gestas
514 731 650 815 seriptor
679 731 861 814 transierit,
895 732 929 794 iu
952 733 1014 796 hae
1041 731 1216 796 testimoni-

84 864 170 906 orum
191 841 325 926 penuria
347 841 504 906 nescitum:
537 841 682 925 tametsi,
711 863 806 926 quam
827 841 921 906 modo
943 841 1155 925 ponebamus,
1180 863 1217 906 ea

84 951 332 1017 commodissime
354 973 431 1016 sane
454 951 620 1036 dispositio
642 951 677 1016 iu
691 972 797 1016 rerum
813 951 1041 1018 tradendarum
1061 952 1217 1018 ambitum

83 1066 113 1126 et
132 1063 274 1127 rationes
297 1062 456 1126 convenit.

163 1172 239 1259 (IX)
276 1171 391 1237 Restat
416 1193 483 1236 non
511 1172 675 1256 Marsyae,
704 1171 758 1236 sed
787 1172 826 1236 de
848 1171 977 1256 Marsya
998 1173 1217 1240 testimonium

83 1281 221 1364 Diodori,
244 1283 299 1367 qui
321 1303 476 1346 enarrans
497 1281 570 1364 XX,
587 1282 640 1364 50,
664 1303 726 1365 quo
743 1282 836 1346 modo
859 1282 899 1345 ad
921 1303 1065 1367 pugnam
1087 1282 1217 1367 Cypria·

83 1413 150 1456 cam
172 1392 305 1477 (olymp.
331 1392 407 1475 118,
430 1391 465 1476 2)
487 1391 669 1457 Demetrius
691 1391 869 1456 Poliorceta
892 1393 994 1456 aciem
1018 1394 1216 1478 instruxerit,
1249 1439 1255 1448 -

82 1502 158 1567 haee
180 1503 290 1587 ponit:
312 1504 391 1568 κατὰ
405 1504 501 1582 μέτην
517 1505 553 1568 δὲ
574 1505 633 1582 τὴν
654 1503 741 1570 τάξιν
764 1503 803 1568 τὰ
826 1502 972 1582 ἐλάχιττα
993 1507 1060 1570 τῶν
1084 1510 1217 1586 τκαφῶν

83 1613 223 1697 ἔττηεεν,
255 1613 303 1679 ὧν
325 1613 467 1692 ἡγοῦντο
490 1613 633 1692 Θεμίεων
660 1633 695 1678 τε
722 1613 740 1678 ὁ
764 1613 878 1692 (ἀμιοτ
906 1613 955 1678 καὶ
984 1615 1170 1694 Μαρτύαε
1197 1615 1215 1680 ὁ

82 1725 146 1789 τὰ(
168 1724 442 1789 Μακεδονικὰ(
467 1723 628 1803 πράξειε
650 1723 947 1802 ευνταξάμενοτ.
976 1721 1218 1808 Raetiasquam

83 1832 118 1896 de
132 1832 334 1917 Philippensi
345 1832 488 1916 Vossius,
501 1831 736 1916 Wesselingius
758 1831 797 1896 de
813 1832 941 1898 Pellaeo
965 1833 1120 1918 cogitavit
1146 1857 1217 1900 oum

83 1964 176 2026 eoque
205 1941 375 2008 Olintonus
402 1941 489 2006 Fast.
513 1941 588 2006 hell.
612 1965 644 2025 p.
665 1941 726 2006 185
748 1942 805 2006 Xr.
850 1943 880 2006 N
884 1965 919 2008 ee
941 1944 1028 2008 enim
1049 1945 1218 2029 quiequam

84 2023 210 2117 canisae
238 2057 302 2136 est,
332 2074 388 2118 our
414 2065 596 2137 repugnare
623 2055 802 2136 temporum
828 2052 987 2118 rationem
1009 2053 1123 2120 Vossio
1153 2076 1217 2119 ora

82 2161 206 2227 murus:
244 2185 340 2246 quam
361 2161 488 2248 quidem
511 2163 710 2246 exploratam
736 2162 775 2227 de
797 2163 925 2226 Pellaeo
946 2163 1115 2248 habemus,
1151 2185 1217 2230 non

83 2272 154 2336 item
177 2271 333 2336 hahemus
355 2272 394 2336 de
416 2271 627 2355 Philippensi.
688 2271 806 2348 Quidni
835 2275 942 2336 autem
968 2273 1090 2356 potuit,
1124 2295 1218 2358 quem

83 2404 142 2446 una
170 2404 244 2447 cum
277 2381 461 2447 Alexandro
495 2385 621 2465 oportet
654 2383 738 2446 eirea
772 2381 900 2448 initium
933 2383 1122 2468 olympiadis
1158 2385 1217 2450 106

83 2495 190 2556 natum
214 2513 298 2576 esse,
329 2492 456 2556 circiter
483 2491 509 2556 L
531 2492 579 2556 vir
606 2513 762 2556 armorum
788 2513 917 2576 pugnae
945 2493 1122 2558 interesse?
1165 2494 1218 2559 Ab

84 2603 258 2666 Alexandri
285 2601 371 2666 enim
404 2601 527 2685 potius,
563 2601 650 2666 euius
683 2603 866 2684 (ύντροφοε
892 2603 1024 2685 dieitur,
1059 2625 1154 2686 quam
1176 2604 1218 2668 ab

83 2712 251 2797 Antigoni,
286 2711 339 2796 qui
372 2711 474 2776 frater
508 2711 708 2794 perhibetur,
740 2712 903 2777 natalibus
936 2713 1217 2797 proficiscendum:

83 2823 131 2904 qui
159 2844 233 2886 eum
262 2821 347 2885 eirea
374 2820 564 2904 olympiadis
595 2820 656 2885 120
681 2821 810 2886 initium
839 2822 955 2887 obierit
988 2823 1103 2886 aetatis
1132 2845 1217 2888 anno

83 2930 215 2996 LXXXI
232 2931 348 3014 (quode
364 2931 404 2995 ef.
414 2929 600 2996 Olintonum
614 2954 645 3015 p.
656 2931 741 3015 188),
758 2953 887 2996 neeesse
903 2936 951 2996 est
966 2931 1094 2996 circiter
1109 2931 1218 2996 XXIV

83 3041 172 3104 annis
196 3043 274 3104 ante
296 3041 459 3124 Marsyam
487 3041 620 3104 fratrem
643 3043 738 3104 natus
766 3042 818 3106 sit.
864 3041 1012 3106 Ceteruum
1040 3063 1112 3106 eum
1141 3037 1252 3106 alibi's

83 3150 241 3234 Antigoni
263 3153 389 3233 patrem
415 3149 616 3234 Philippum,
647 3172 712 3214 non
735 3150 946 3215 Periandrum
972 3153 1064 3235 prodi
1094 3152 1218 3216 Wesse·

83 3257 198 3344 liugius
222 3259 407 3324 reeordatus
428 3260 478 3323 vel
502 3259 616 3324 erroris
639 3261 689 3324 vel
712 3261 910 3344 corruptelae
933 3260 1062 3326 Suidam
1088 3261 1218 3326 insimu-

83 3367 194 3452 lasset,
227 3372 278 3432 sat
305 3369 514 3452 probabiliter
541 3369 580 3432 de
613 3369 714 3433 fratre
741 3370 867 3434 uterino
898 3371 1218 3456 Schweighaeuserus

83 3478 237 3562 cogitavit
258 3478 354 3562 idque
376 3477 541 3564 Kruegero
562 3500 686 3563 quoque
708 3481 867 3562 persuasit
894 3481 929 3544 in
958 3481 1101 3548 Olintoni
1128 3481 1216 3546 Fast.

82 3584 153 3651 hell.
177 3611 210 3671 p.
237 3588 308 3652 185.

163 3697 219 3760 Ad
241 3719 361 3760 annum
383 3700 507 3761 sextum
529 3698 705 3762 Alexandri
727 3699 913 3782 produxisse
935 3701 1098 3786 Marsyam
1114 3702 1218 3767 Mace-

83 3804 220 3871 donioon
241 3805 339 3870 libros
361 3806 440 3870 satis
464 3805 576 3872 Suidas
599 3795 782 3873 declaravit.
828 3809 914 3874 Nam
942 3809 1053 3894 Syriae
1079 3812 1219 3876 incursio

84 3914 126 3989 (h.
150 3937 178 3979 e.
202 3915 412 3998 Phoeniciae,
437 3939 529 4000 quem
550 3917 700 4001 loquendi
722 3941 813 3982 usum
834 3919 1093 4003 locupletissimis
1116 3943 1218 3984 exem-

84 4022 141 4104 plis
163 4023 340 4088 Kreuserus
362 4025 536 4090 illustravit
559 4025 687 4102 Quaest.
712 4027 842 4092 Homer.
860 4029 875 4092 l
895 4053 927 4112 p.
944 4031 986 4094 60
1001 4052 1068 4113 sqq.
1094 4033 1127 4092 et
1141 4031 1218 4114 258)

83 4153 147 4198 non
168 4133 287 4197 dieitur
309 4155 346 4198 ea
369 4157 449 4218 quae
477 4136 588 4200 statim
614 4139 688 4219 post
715 4159 859 4222 pugnam
888 4139 927 4202 ad
950 4139 1052 4202 Issum
1075 4140 1219 4204 commis-

85 4263 149 4304 sam
171 4242 270 4306 fiebat
296 4245 413 4328 olymp.
440 4245 516 4328 112,
543 4248 576 4328 1,
605 4246 659 4309 sed
688 4247 790 4310 altera
818 4247 873 4310 illa
901 4251 973 4332 post
1001 4251 1219 4334 expugnatam

85 4347 200 4434 Tyrum
229 4353 450 4438 conditamque
479 4353 708 4422 Alexandriam
737 4361 885 4444 suscepta
908 4359 948 4423 ol.
974 4359 1044 4444 112,
1067 4358 1088 4422 2
1114 4360 1218 4445 initio,
