2942 5134
437 363 559 422 oanni
582 361 746 422 concurr.
1101 345 1163 422 est

45 522 96 592 Vbi
117 537 183 592 cum
198 517 367 613 Bergkius,
391 523 470 591 item
492 523 596 590 deleto
611 524 774 608 Πέλοπος,
798 522 852 589 sed
869 523 995 590 serrato
1018 543 1089 590 cum
1110 545 1163 590 πω
1183 536 1199 584 v

44 645 100 702 tum
119 639 225 716 εἰπεῖν,
253 638 293 702 de
314 659 373 702 sua
396 637 579 701 coniectura
602 641 669 716 (χή
676 655 723 715 μα
748 637 893 714 μέγιατον
915 635 1059 718 scripsit,
1088 615 1165 700 lecit

44 748 69 811 id
88 749 136 812 ille
157 748 283 833 quidem
310 749 347 810 ut
375 745 554 829 strophicas
582 747 714 810 πώποτε
743 746 878 825 βλαετόν
905 745 1045 828 syllabas
1074 765 1164 808 exae-

44 861 157 941 quaret,
190 858 245 922 sed
275 857 412 922 fortasse
441 856 538 920 etiam
571 875 608 919 eo
635 857 740 918 motus
768 854 925 938 estquod
952 875 1025 918 mox
1054 855 1165 918 eadem

44 968 152 1048 αὔχημα
172 989 233 1032 vox
255 966 339 1030 redit
360 989 390 1030 v.
415 967 487 1030 713.
532 965 652 1028 Verum
679 967 735 1028 aut
761 963 903 1028 fallimur
925 967 981 1027 aut
1002 963 1110 1028 dedita
1132 963 1165 1027 id

44 1097 125 1158 opera
146 1081 239 1161 poeta
262 1077 308 1140 sic
330 1075 482 1157 instituit,
506 1096 569 1160 quo
590 1073 711 1138 maiore
734 1095 805 1138 cum
827 1073 859 1137 ri
881 1073 1028 1138 beneficii
1046 1095 1064 1136 a
1079 1073 1164 1157 Nep-

43 1191 110 1249 tuno
135 1187 252 1250 conlati
280 1185 513 1269 praestantiam
542 1183 668 1248 efferret
695 1183 729 1246 in
752 1183 837 1248 hunc
864 1183 1009 1248 modum:
1048 1184 1164 1268 ‘splen-

43 1295 137 1360 dorem
158 1295 357 1360 Athenarum
380 1295 570 1376 maximum,
599 1293 653 1377 qui
675 1297 725 1356 est
746 1296 891 1377 equester
912 1293 1114 1377 navalisque:
1147 1313 1165 1357 o

43 1409 107 1467 nate
127 1405 275 1489 Saturno,
298 1408 367 1469 tute
383 1425 416 1468 es
432 1405 518 1468 enim
540 1403 647 1488 quiec
664 1403 733 1486 ipso
749 1403 785 1466 in
807 1403 975 1486 splendore
997 1402 1069 1466 illas
1092 1423 1166 1466 con-

42 1514 205 1580 locaratis!
249 1514 319 1579 Nec
350 1536 409 1598 per
435 1535 470 1577 se
491 1513 569 1577 illud
591 1514 719 1596 placere
742 1517 843 1594 αχῆμα
864 1516 1002 1598 ροδαοδ,Ρ
1018 1515 1055 1576 ut
1082 1513 1165 1598 quod

42 1629 89 1686 aut
117 1625 228 1689 misere
260 1625 416 1710 langueat
444 1626 477 1687 et
505 1645 633 1706 prosam
666 1623 771 1706 potius
801 1622 980 1686 orationem
1012 1623 1163 1706 redoleat,

41 1739 88 1796 aut
110 1734 149 1797 ad
170 1735 276 1818 specie
291 1735 437 1818 equinae,
461 1733 488 1796 si
508 1733 601 1816 forte,
626 1732 819 1816 dignitatem
834 1732 970 1796 relatam
992 1735 1078 1796 certa
1099 1753 1165 1796 non

41 1847 174 1919 μέγιετον
197 1843 399 1926 adiectivum,
423 1842 478 1906 sed
500 1843 666 1908 xdtlrtrov
687 1843 737 1906 vel
759 1843 1100 1922 μεγαλοπρεαέοτατον
1115 1843 1165 1906 rel

41 1951 155 2036 aliquod
177 1955 279 2018 simile
301 1953 362 2017 sibi
384 1951 579 2037 postulabat.
610 1951 705 2016 Fines
728 1957 835 2016 autem
856 1953 1030 2016 modestiae
1051 1953 1166 2016 merito

40 2061 236 2127 iudicabimus
257 2063 439 2127 Nauckium
461 2062 650 2144 excessisse,
681 2062 735 2146 qui
757 2061 886 2146 reliquis
908 2062 1043 2126 servatis
1065 2061 1166 2126 omni-

40 2169 89 2233 hus
119 2193 199 2256 quae
232 2172 419 2237 convellissc
452 2174 562 2236 nostra
595 2171 812 2254 disputatione
841 2171 999 2253 videmur,
1036 2171 1101 2236 rim
1134 2175 1166 2235 et

39 2301 140 2346 manus
161 2281 434 2347 innocentissimis
456 2282 619 2346 vocabulis
648 2280 828 2364 eisdemque
858 2281 1056 2366 gravissimis
1081 2281 1165 2344 intu-

39 2389 80 2472 lit,
101 2391 159 2456 hoc
182 2392 422 2456 emendatorum
445 2391 595 2454 nimirum
610 2413 757 2455 versuum
780 2391 924 2474 exemplo
945 2390 1109 2473 proposito
1132 2391 1164 2454 in

39 2501 204 2581 appendice
226 2501 375 2566 editionis
398 2501 686 2566 Schneidewiniae:

153 2672 227 2737 οὐδ’
250 2673 286 2738 ἐν
309 2673 433 2752 Δωρίδι
455 2671 542 2756 νάοῳ
564 2671 717 2736 Πέλοπα(
739 2671 871 2736 πώποτε
895 2670 1031 2752 βλαετόν

152 2827 262 2903 δῶρον
285 2825 436 2903 δαίμονα(
459 2825 570 2903 εἰπεῖν,
592 2823 819 2904 μεγαλαύχημα
840 2824 994 2902 μέγιετον.

37 2985 109 3060 Quid
136 2991 222 3055 enirn
251 3014 369 3077 quaeso
396 2993 502 3076 aptius
525 2993 565 3056 ad
592 2991 789 3076 singularem
815 2991 942 3056 laudem
964 2991 1165 3056 Athenarum

37 3095 269 3184 declarandam,
303 3125 399 3185 quam
426 3101 460 3164 in
488 3105 600 3166 tantae
628 3101 860 3188 magnitudinis
894 3105 979 3166 terra
1009 3123 1166 3186 nusquam

36 3210 218 3274 naturaliter
245 3211 486 3296 progenitam*)
515 3212 654 3276 nobilem
683 3213 786 3276 oleam
815 3211 902 3275 dici?
939 3216 995 3276 aut
1023 3211 1097 3296 quid
1125 3211 1165 3276 ad

95 3456 118 3520 *r
129 3455 203 3510 Nam
222 3471 257 3508 ne
276 3453 342 3522 quid
360 3472 443 3520 emes,
463 3455 502 3510 sic
513 3455 562 3512 illa
579 3459 609 3510 et
626 3455 813 3512 construenda
828 3459 892 3510 sunt
909 3459 939 3512 et
955 3455 1167 3526 interpretanda

35 3549 194 3602 necessario:
225 3548 288 3602 οἷον
312 3550 437 3614 οὐδαμοῦ
467 3550 650 3617 ἀχείρητον
679 3551 826 3616 βλαετόν
857 3567 926 3604 ποτε
949 3552 1082 3618 φύτευμα
1101 3551 1166 3604 ἑπα-

36 3641 112 3706 κοὺω,
137 3641 253 3694 minime
279 3641 318 3695 sic
344 3641 501 3696 divellenda
526 3641 763 3712 interpungendo:
799 3641 861 3696 οἷον
887 3643 1013 3708 οὐδαμοῦ
1045 3645 1166 3709 βλαετόν

36 3737 96 3784 ποτ’
113 3735 257 3800 tonsorios,
280 3735 407 3800 φύτευμ’
429 3733 578 3803 ἀχείρητον
601 3735 702 3790 ἐλαίας.
739 3735 859 3789 Omnino
876 3735 950 3790 enim
974 3737 1003 3790 et
1021 3735 1166 3806 Sophoclis

34 3826 118 3880 aetate
141 3829 171 3880 et
189 3825 237 3880 din
255 3829 321 3880 ante
340 3829 385 3880 rat
401 3827 511 3894 largum
534 3827 657 3882 olearum
678 3831 845 3896 proventum
863 3827 948 3882 ctiam
966 3833 1079 3898 praeter
1097 3829 1167 3883 Atu-

35 3933 88 3970 cam
109 3919 196 3973 hrisse
220 3920 281 3985 quis
304 3921 348 3972 est
371 3919 418 3987 qui
440 3923 542 3987 neget?
579 3920 633 3974 Sed
655 3923 794 3974 communi
817 3923 906 3975 matre
924 3922 1018 3976 Attica
1036 3923 1167 3976 orimrdas

34 4009 100 4064 lama
118 4012 237 4076 ferebat,
255 4029 312 4066 non
331 4013 514 4078 αὐτόχθονας.
537 4043 569 4052 —
592 4013 667 4066 Neve
686 4014 775 4068 ‘olim’
798 4013 890 4083 potius
909 4031 992 4080 quarn
1012 4023 1166 4082 ‘umquam’

34 4115 89 4154 cum
105 4104 274 4170 quibusdam
292 4107 363 4158 ποτέ
384 4105 549 4174 particulam
572 4105 769 4176 interpretem,
791 4107 976 4176 reputandum
998 4111 1042 4162 cst
1063 4109 1092 4161 id
1115 4109 1167 4164 hac

34 4197 222 4250 ueneratione
240 4197 298 4250 fieri
316 4197 452 4266 potuisse:
480 4198 541 4252 οἷον
559 4201 656 4253 (ilicet
674 4201 808 4254 ἐπακοὺω
827 4203 860 4254 od
881 4201 1002 4265 βδαετδν
1020 4219 1104 4270 ποτε,
1128 4203 1167 4258 sic

34 4291 119 4342 autem
136 4289 201 4344 οἷον
220 4291 273 4343 οὐκ
290 4292 424 4344 ἐπακούω
443 4291 541 4345 ἄλλοθί
564 4309 634 4346 ποτε
654 4297 773 4358 βλαατόν
796 4311 851 4348 non
869 4309 952 4362 posse
971 4293 1023 4348 nisi
1042 4297 1091 4350 aut
1108 4315 1169 4367 per·

35 4393 106 4434 verse
123 4382 266 4436 sententia
288 4383 338 4436 aut
354 4401 442 4452 prava
458 4385 592 4440 oratione.
