2976 5140
481 384 605 432 uaavrs
630 383 847 433 nasoniano,
1179 367 1240 431 677

101 537 192 601 hodie
220 559 284 602 nou
313 538 383 602 sine
412 559 531 622 magno
565 537 644 602 artis
678 537 871 600 detrimento
898 559 1059 600 rarescere
1086 537 1239 620 videmus,

101 648 298 730 [artissimam
330 649 394 712 nisi
428 648 570 711 fallimur
600 669 744 710 caussam
774 647 858 710 hanc
888 647 1001 729 habet,
1037 647 1135 730 quod,
1170 669 1240 711 cum

100 757 175 822 olim
203 758 315 842 scripti
349 757 473 822 codices
506 757 648 822 omnium
680 755 827 820 manibus
860 757 1157 842 frequentarentur,
1190 757 1241 821 his

100 889 185 932 nuuc
206 868 274 931 sive
296 867 444 952 sepositis
472 867 538 931 sive
568 867 697 931 remotis
725 867 950 950 impressorum
977 866 1130 930 librorum
1158 870 1240 931 trac-

100 979 179 1042 tatio
201 977 353 1042 successit
376 981 472 1062 atque
494 978 541 1040 ita
564 977 710 1060 invaluit,
734 979 850 1040 utnon
865 976 1045 1040 mehercule
1067 997 1240 1060 paucorum

100 1087 197 1152 oculis
220 1088 343 1152 librarii
366 1089 546 1171 exemplum
568 1087 667 1150 ullmn
689 1109 862 1171 numquam
886 1087 1084 1171 apparuerit:
1119 1109 1181 1170 quo
1203 1088 1240 1152 fit

100 1202 133 1261 ut
167 1202 199 1262 et
233 1197 420 1262 crudissimo
453 1219 595 1282 quaeque
628 1197 790 1292 patienter
825 1197 1023 1281 quorundam
1057 1197 1239 1262 stomachus

100 1312 276 1392 concoquat
303 1312 335 1372 et
357 1306 396 1371 de
418 1311 487 1372 toto
515 1329 632 1392 genere
661 1291 732 1371 cum
757 1307 957 1392 iniquissima
978 1311 1047 1372 tum
1069 1297 1238 1392 perversis·

98 1418 177 1481 sima
198 1417 317 1482 iudicia
339 1419 431 1482 fiant.
477 1418 617 1482 Tantum
639 1421 688 1481 est
710 1419 812 1502 enim,
843 1417 977 1500 credite,
1006 1417 1089 1502 quod
1112 1439 1177 1482 non
1200 1419 1240 1482 ad

99 1529 227 1614 singula
248 1531 377 1592 tantum
398 1532 485 1592 recte
509 1528 684 1611 censenda,
715 1528 770 1592 sed
798 1528 838 1593 ad
866 1527 1032 1592 universae
1060 1528 1155 1592 fidem
1177 1551 1240 1594 me·

98 1639 218 1702 moriae
239 1639 368 1722 eiusque
390 1640 532 1702 rationes
555 1641 587 1702 et
609 1637 844 1702 vicissitudines
869 1641 1033 1722 tamquam
1054 1661 1111 1723 per
1133 1661 1239 1703 saccu-

99 1749 240 1812 culorum
270 1748 442 1833 caliginem
477 1748 673 1812 contuendas
702 1753 734 1812 et
766 1750 854 1813 velut
881 1749 916 1814 in
938 1751 1055 1834 [certae
1089 1749 1240 1834 imaginis

98 1859 236 1942 speciem
260 1857 456 1943 colligendas
479 1881 496 1922 e
518 1881 616 1922 manu
638 1859 829 1943 scriptorum
852 1859 1080 1943 exemplarium
1101 1860 1238 1924 lectione
1258 1867 1273 1914 V

98 1969 274 2051 proficitur,
298 1972 343 2050 ut,
374 1969 436 2032 nisi
459 1969 512 2052 qui
536 1991 592 2032 suo
615 1970 760 2053 exemplo
783 1975 930 2053 expertus
953 1970 1006 2052 sit,
1030 1972 1092 2034 vim
1116 1973 1149 2033 et
1171 1971 1238 2033 effi-

98 2079 220 2143 caciam
236 2078 329 2141 huius
352 2078 513 2161 praesidii,
540 2077 627 2142 cuius
650 2101 851 2163 nequaquam
869 2079 990 2144 vicaria
1012 2101 1080 2144 esse
1103 2079 1168 2142 ulla
1190 2081 1239 2144 vel

98 2196 308 2254 commentatio
332 2193 597 2268 palueoqrupbr'ca
629 2189 680 2252 vel
708 2189 814 2253 aliena
845 2211 943 2272 opera
975 2193 1089 2272 parata
1122 2189 1239 2254 codicis

98 2298 228 2362 collatio
250 2301 366 2382 potest,
391 2319 487 2382 aegre
510 2298 706 2382 cogitatione
730 2300 969 2383 complectatur.

182 2407 275 2474 Trita
309 2413 341 2471 ct
373 2408 545 2472 decantata
577 2431 709 2472 narrare
738 2409 783 2472 eis
817 2409 1009 2489 videbimur,
1044 2409 1098 2494 qui
1126 2409 1238 2474 harum

95 2540 202 2582 renna
224 2539 315 2582 usum
338 2517 474 2600 habent:
510 2541 575 2582 non
603 2519 730 2583 inutilia
758 2524 793 2584 ut
822 2541 986 2603 speramus
1019 2519 1125 2602 vobis,
1161 2543 1238 2603 quos

97 2633 207 2692 uostra
236 2629 369 2691 interest
397 2649 488 2691 usum
516 2628 606 2692 illum
636 2633 669 2692 et
696 2631 884 2693 facultatem
914 2629 1073 2713 consequi.
1118 2629 1238 2704 Quibus

96 2739 248 2822 quoniam
271 2759 336 2801 non
360 2759 526 2822 possiumus
541 2739 628 2822 ipsos
644 2741 779 2824 scriptos
794 2739 893 2804 libros
909 2739 943 2803 in
959 2761 1073 2804 manus
1095 2739 1237 2804 tradere:

96 2849 223 2932 quando
246 2847 280 2911 iu
310 2849 370 2911 hoc
396 2869 515 2932 genere
543 2848 714 2913 dolendum
742 2853 790 2914 eat
820 2849 915 2914 nimis
943 2850 1041 2934 longo
1067 2849 1237 2914 intervallo

97 2962 226 3022 nostrae
248 2957 439 3020 tenuitatem
461 2957 673 3024 bibliothecae
694 2959 736 3023 ab
756 2959 890 3023 aliarum
915 2959 1090 3023 communis
1113 2959 1237 3043 patriae

97 3067 353 3130 universitatium
380 3067 538 3131 thesauris
566 3069 720 3152 relinqui:
758 3068 841 3132 hanc
869 3073 905 3132 ut
937 3070 1043 3155 aliqua
1076 3093 1115 3134 ex
1145 3073 1237 3154 parte

96 3175 253 3240 iacturam
284 3199 541 3261 compensemus,
574 3199 615 3241 en
643 3179 732 3242 robis
760 3183 924 3263 tamquam
952 3180 1092 3263 aliquam
1124 3179 1237 3244 silvam

96 3287 283 3350 mendorum
311 3287 361 3350 vel
384 3287 410 3350 ai
433 3287 483 3350 fas
506 3291 555 3350 est
582 3287 686 3352 dicere
714 3289 948 3372 sterquilinium
971 3290 1145 3374 quoddam,
1176 3313 1237 3374 quo

95 3402 202 3460 vestra
231 3418 327 3480 opera
355 3396 580 3480 perpurgando
609 3403 642 3460 ct
668 3397 817 3463 idoneam
845 3421 916 3462 curn
938 3400 1139 3464 librariorum
1161 3400 1236 3463 levi-

94 3511 162 3570 tate
194 3506 448 3570 familiaritatem
477 3506 674 3571 contrahatis
704 3513 736 3572 et
766 3509 914 3574 vitiorum
944 3509 1108 3574 commode
1141 3509 1236 3574 corri-

94 3616 272 3700 gendorum
295 3619 476 3700 promptam
497 3616 586 3680 vobis
609 3619 869 3684 consuetudinem
892 3621 1037 3704 pariatis.
1069 3619 1127 3685 Oui
1150 3643 1235 3684 exer-

94 3726 242 3789 citationi
271 3748 335 3790 uon
363 3749 427 3789 una
455 3727 498 3788 da
523 3749 635 3790 caussa
663 3729 820 3812 imprimis
847 3735 956 3814 aptam
984 3731 1152 3794 materiam
1183 3731 1235 3794 hic

94 3836 182 3898 velut
211 3843 304 3898 cento
332 3857 511 3920 pannorum
545 3838 828 3920 grammaticorum
861 3841 1010 3923 praebet:
1048 3839 1235 3924 praesertim

94 3967 167 4008 cum
191 3947 251 4008 buc
273 3968 395 4030 quoque
418 3945 554 4028 quadret
575 3947 659 4030 quod
681 3948 793 4012 iubent
817 3949 1010 4014 medicorum
1034 3950 1091 4014 filii
1115 3950 1235 4034 experi-

93 4059 238 4118 mentum
260 4055 328 4118 fien'
350 4056 385 4118 in
409 4075 539 4138 corpore
561 4056 627 4120 vili.

563 4322 763 4332 -—.—-..—
