2942 5134
569 335 709 386 ιιικοιοι
733 337 881 386 narare.
1232 324 1296 390 435

145 493 300 558 habitum
322 497 371 556 cat
394 491 583 574 convivium,
608 491 668 556 hcc
690 496 739 556 est
761 492 802 556 ol.
827 491 883 556 XO
899 516 928 556 a.
945 493 975 556 4.
1007 493 1113 568 Quid?
1136 494 1218 578 quod
1241 517 1294 558 sex

147 606 250 668 annis
273 607 346 688 post
374 603 401 666 ὦ
429 602 608 670 νεανίικε
637 602 818 686 appellatur
841 603 938 666 etiam
961 625 980 666 a
1002 603 1200 668 Mnesilocho
1223 603 1294 666 Ari-

147 713 321 798 stophanis
344 711 536 796 Thesmoph.
560 734 590 774 r.
616 711 687 794 134,
713 711 796 796 quod
818 712 870 796 qui
894 714 935 776 ab
957 713 1106 797 loquendi
1130 717 1294 778 consuetu-

146 824 230 888 dine
258 823 389 887 minime
416 822 586 886 abhorrere
614 825 727 906 neget,
762 823 898 886 fortasse
926 827 1055 886 excuset
1076 825 1126 888 vel
1149 825 1295 888 muliebri

147 933 307 998 molliculi
330 936 444 1016 poetae
466 932 582 1016 specie,
607 932 657 994 rel
673 953 710 996 ec
725 931 808 1016 quod
823 933 995 1016 Aeschylia
1011 934 1073 998 ista
1090 935 1186 998 verba
1209 937 1294 1017 sunt,

147 1045 193 1108 de
218 1042 346 1108 Baccho
369 1043 466 1124 dicta,
491 1063 510 1105 a
531 1041 730 1105 Mnesilocho
759 1043 998 1108 accommodata
1020 1044 1055 1108 in
1078 1044 1294 1128 Agathoncm.

147 1153 225 1218 Nec
247 1153 418 1218 verendum
441 1155 552 1216 estne
574 1153 644 1236 quis
667 1151 701 1215 in
717 1151 908 1236 Thesmoph.
933 1177 962 1217 ν.
989 1155 1047 1219 141
1071 1154 1218 1239 haereat,
1241 1156 1296 1218 ubi

147 1265 277 1338 dictum
304 1267 353 1326 est
380 1263 406 1328 ὧ
429 1267 507 1327 παῖ.
553 1261 615 1326 Sed
637 1261 795 1326 Aristides
822 1267 878 1326 aut
907 1264 1062 1346 cogitavit
1089 1265 1128 1328 de
1151 1263 1296 1328 Platonis

148 1374 261 1437 verbis
283 1395 320 1437 ex
339 1372 516 1457 Protagora
539 1393 635 1454 supra
657 1372 791 1454 prolatis
813 1374 891 1439 νέον
913 1375 959 1438 ἔτι
982 1373 1021 1439 ὂν
1044 1376 1217 1454 μειράκιον,
1241 1379 1297 1436 aut

148 1483 381 1568 neglegentius
408 1504 482 1545 usus
509 1485 558 1546 est
585 1482 745 1561 μειρακίου
773 1483 903 1546 nomine
937 1484 1006 1546 loco
1034 1485 1109 1550 νέο(
1137 1484 1295 1564 vocabuli,

148 1593 240 1678 quod
262 1593 388 1676 quidem
409 1592 606 1677 probabilius
628 1593 730 1674 possit
752 1591 852 1656 videri
874 1597 1058 1678 propterea,
1093 1595 1176 1680 quod
1199 1595 1295 1657 etiam

150 1703 375 1786 Alcibiadem,
399 1725 493 1786 quem
515 1707 612 1766 antea
634 1704 711 1769 νέον
735 1707 880 1786 vocarat,
905 1704 1013 1787 paullo
1036 1708 1109 1788 post
1130 1705 1212 1768 dixit
1234 1725 1296 1784 μει-

148 1814 284 1894 ράκιονι
307 1814 448 1893 μειράκια
469 1815 502 1877 δ’
525 1812 607 1878 εἶναι
629 1817 800 1892 τηνικαῦτα
822 1814 989 1891 Ἀγάθωνα
1011 1817 1061 1880 καὶ
1084 1816 1295 1896 Ἀλκιβιάδην·

147 1927 213 1987 aut
234 1923 368 2006 denique
389 1922 630 1986 malevolentius
646 1924 870 2005 praetermisso
885 1945 922 1987 ec
938 1925 1017 2004 loco,
1040 1925 1094 1988 ubi
1109 1926 1187 1992 νέον
1204 1924 1297 1988 Plato

146 2033 253 2115 dixit,
284 2032 423 2097 Socratis
445 2033 543 2098 verba
565 2033 600 2096 in
621 2035 729 2096 mente
750 2033 864 2097 habuit
886 2056 917 2116 p.
941 2035 1004 2098 223
1028 2041 1054 2098 Λ
1081 2037 1132 2100 καὶ
1154 2037 1194 2114 μή
1216 2042 1297 2117 φθο-

146 2145 252 2228 νήιῃε
283 2151 330 2228 τῷ
361 2144 508 2228 μειρακίῳ
537 2143 596 2207 ὑπ’
619 2144 697 2221 ἐμοῦ
724 2144 946 2223 ἐπαινεθῆναι,
980 2167 1061 2228 quae
1094 2145 1200 2209 iocoso
1229 2167 1297 2208 esse
1346 2151 1357 2174 ⁶

146 2252 376 2316 blandimento
398 2253 484 2317 dicta
507 2253 662 2316 invidiose
684 2255 796 2318 tacuit.
841 2253 989 2318 Ceterum
1013 2253 1210 2337 Lipsiensem
1234 2255 1297 2318 edi·

145 2368 259 2426 torem
281 2363 396 2426 mirere
418 2364 559 2427 locorum
581 2363 820 2427 Platonicorum
843 2364 884 2427 ab
908 2365 1050 2428 Aristide
1073 2387 1297 2429 commemora-

145 2479 262 2537 torum
283 2473 416 2556 nullum,
439 2473 494 2537 ubi
517 2473 719 2557 reperiretur,
743 2473 902 2538 indicasse
925 2475 985 2538 vol.
1009 2475 1039 2538 II
1062 2499 1093 2558 p.
1117 2475 1295 2540 370—372.

242 2826 329 2916 [Non
357 2830 413 2892 abs
442 2851 476 2892 re
503 2851 570 2892 esse
598 2830 700 2894 visum
729 2837 777 2895 cst
799 2831 851 2894 hic
878 2831 1087 2916 subiungere,
1118 2855 1199 2916 quae
1221 2833 1297 2897 olim

143 2939 375 3005 dissertationi
398 2939 586 3003 subiunctas
608 2945 701 3004 erant
723 2941 907 3024 disputandi
931 2963 1042 3005 caussa
1065 2944 1259 3031 propositae]

397 3109 675 3180 SENTENTIAE
699 3109 1060 3178 CONTROVERSAE.

714 3247 734 3300 I.

222 3337 354 3391 Floreute
367 3339 576 3393 Atheniensium
588 3357 618 3392 re
631 3339 742 3408 publica
760 3339 860 3394 nullius
874 3357 1004 3408 umquam
1023 3346 1123 3411 poetae
1141 3343 1169 3396 in
1188 3347 1298 3412 tragoe-

143 3433 202 3486 dia
221 3430 304 3483 simul
323 3431 351 3484 et
369 3432 512 3486 comoedia
531 3449 616 3501 opera
633 3435 745 3486 versata
763 3437 813 3487 est.

710 3526 743 3579 Il.

223 3616 357 3671 Dinarchi
374 3617 464 3672 oratio
483 3622 547 3686 περὶ
565 3625 615 3686 τῆς
630 3621 790 3685 Ἀγάθωνος
805 3622 1010 3690 διαμαρτυρίαι,
1031 3628 1249 3680 commemorata
1261 3626 1297 3680 ab

143 3710 291 3778 Dionysio
313 3711 452 3766 Halicarn.
476 3711 560 3765 ludio.
585 3712 646 3766 Din.
672 3731 699 3782 p.
725 3719 786 3780 114,
808 3719 841 3768 22
868 3714 943 3782 Sylb.
969 3717 998 3784 [t.
1022 3715 1047 3770 V
1069 3735 1096 3786 p.
1120 3723 1169 3772 648
1192 3720 1297 3789 laisa]

144 3806 246 3874 (Orat.
265 3821 357 3872 graec.
378 3805 432 3858 rol.
451 3805 515 3860 VIII
534 3823 561 3874 p.
580 3812 630 3859 419
653 3805 758 3874 Iteialr.)
781 3823 837 3860 uon
862 3811 982 3863 contra
1005 3809 1182 3878 Agathonem
1200 3813 1299 3867 habita

144 3899 206 3964 est,
226 3899 258 3950 ut
276 3896 466 3968 Scboemanno
484 3898 594 3952 videtur
611 3899 658 3952 lib.
678 3899 716 3952 IV
734 3899 768 3953 dc
786 3899 894 3954 iudiciis
908 3903 1119 3958 Atheniensium
1137 3923 1164 3974 p.
1183 3912 1234 3958 6111
1252 3906 1299 3961 arl-

144 3993 214 4047 not.
235 3997 276 4056 26,
294 3989 341 4044 sed
360 4009 419 4060 pro
438 3991 544 4046 ecdem.

705 4087 751 4143 lll.

225 4175 257 4241 Q.
281 4177 362 4230 Ennii
384 4197 479 4234 versus
502 4197 535 4234 ex
559 4179 720 4234 Saturanun
748 4180 820 4236 libro
843 4181 881 4236 VI
905 4184 1006 4238 allatos
1029 4184 1065 4237 ab
1090 4185 1168 4239 Aelio
1187 4186 1298 4243 Donato

146 4271 192 4328 ad
216 4272 342 4328 Terentii
363 4273 558 4328 Phormionem
581 4273 620 4339 ll,
637 4281 665 4338 2,
684 4279 725 4340 at,
748 4291 846 4344 parum
864 4279 959 4330 autem
977 4277 1124 4332 emendate
1144 4281 1263 4352 scriptos
1283 4301 1300 4338 a

147 4367 254 4422 Franc.
273 4365 399 4420 Hcsselio
416 4385 443 4436 p.
465 4372 521 4434 1811,
539 4367 703 4422 reccnchmo
722 4367 750 4422 in
768 4369 840 4424 hauc
859 4371 993 4440 spccicmt

1028 4460 1095 4526 28*
