2990 5140
366 333 414 380 nn
437 334 528 382 erni.
551 334 656 382 snex.
679 333 724 382 nu
746 333 962 384 rrsrs‘rnnro
1175 319 1232 384 161

90 487 253 566 κογχύλος
269 486 422 570 (itemque
436 488 609 568 κογχύλιον
624 487 808 572 κογχυλίας)
829 486 1092 572 quemadmodum
1114 487 1233 566 ἀγκύλη

90 596 233 673 ἀγκύλας
267 595 439 673 Ἀγκυλίων
472 597 513 660 eb
550 595 663 674 ἄγκος,
700 599 846 677 καμπύλη
880 598 1043 676 καμπύλος
1077 620 1096 660 a
1129 599 1233 676 κάμπη

88 706 227 784 κάμπτω
245 709 278 769 et
294 705 321 768 si
340 727 420 790 quae
437 709 517 770 sunl,
533 704 674 769 similia?
696 705 778 781 Quid
793 727 910 790 quaeso
933 705 1018 769 inler
1035 727 1068 769 se
1083 705 1234 770 differrml

88 817 234 896 κογχύλη
259 817 421 895 Χογχύλος
444 817 477 878 et
498 817 640 894 γογγύλη
665 817 825 892 Γογγύλος
847 815 931 898 apud
954 814 1232 900 Thucyd.1,128,

88 923 242 1008 Xenoph.
266 923 351 988 Hell.
374 923 434 1008 III,
462 927 490 1008 1,
515 924 557 988 6?
602 926 647 988 At
669 925 830 988 enimvero
854 926 1014 1002 Γογγύλος
1042 925 1235 988 factumest

87 1034 133 1096 ab
157 1033 299 1098 eiusdem
320 1034 442 1097 formae
464 1033 621 1097 adiectivo
643 1035 803 1112 γογγύλος
825 1037 861 1096 ut
876 1035 1011 1112 Αἱμύλος
1027 1033 1068 1097 αδ
1091 1019 1232 1117 αἱμύλος,

88 1145 255 1208 Μικκύλος
278 1165 296 1206 n
318 1145 480 1222 μικκύλος,
504 1145 668 1224 Δριμύλος
691 1144 889 1224 αδριμύλος;
912 1166 978 1208 non
1001 1147 1234 1207 exsistentem

86 1253 141 1336 vel
173 1253 331 1332 κογχύλος
359 1253 410 1318 vel
432 1253 536 1316 simile
565 1252 815 1318 adiectivum.
860 1251 990 1337 licque,
1020 1275 1061 1316 ne
1090 1253 1234 1336 cupidius

85 1383 192 1446 agere
206 1361 385 1444 videamur,
408 1361 545 1445 primum
561 1362 637 1426 hinc
651 1362 759 1425 omnia
775 1384 813 1425 ea
828 1361 1003 1426 liberaliter
1017 1383 1232 1446 segregemus,

85 1493 176 1555 quae
199 1493 270 1536 cum
291 1471 416 1555 possint
437 1493 515 1536 sane
538 1472 604 1536 sive
626 1494 646 1534 ιι
667 1471 849 1536 nominibus
879 1472 946 1536 sive
969 1493 988 1535 ιι
1010 1471 1115 1535 verbis
1138 1471 1234 1535 ducta

85 1601 179 1660 esse,
209 1581 301 1644 simul
324 1585 433 1644 tamen
456 1581 497 1644 ed
525 1581 726 1664 propriorum
748 1583 913 1644 nominum
940 1581 1148 1663 simpliciores
1171 1581 1233 1644 for-

83 1711 161 1752 mas
184 1691 326 1772 proxime
342 1689 514 1754 accedunt:
543 1693 579 1752 ul
595 1691 742 1769 (Σιμύλος,
760 1692 941 1771 Θραςύλος,
964 1692 1131 1770 Δημύλος,
1157 1693 1233 1770 Κρα-

81 1799 205 1878 τύλος,
229 1800 412 1880 Χαρμύλος,
437 1801 613 1880 Χρεμύλος,
637 1799 801 1878 (ωςύλος,
824 1801 999 1880 Μειδύλος,
1022 1801 1177 1866 Φειδύλος
1193 1799 1233 1862 ad

84 1909 187 1987 (ῑμος
203 1908 281 1991 (non
297 1909 426 1992 (ἰμων),
443 1911 594 1989 θρὰαυν,
618 1911 757 1988 Δήμων,
782 1911 918 1989 Κράτης,
942 1910 1078 1989 Χάρμης,
1102 1909 1232 1990 Χρέμης,

84 2018 229 2096 (ωςίας,
253 2019 398 2096 Μειδίας,
421 2019 556 2083 Φειδίας.
592 2017 666 2082 Non
688 2018 785 2082 habel
807 2041 917 2102 parem
938 2019 1062 2082 fontem
1082 2019 1233 2083 Ἡδύλοςε

84 2125 178 2210 quod
206 2148 397 2211 quamquam
425 2128 528 2212 possis
559 2127 600 2190 cb
628 2127 706 2206 ἦδος
735 2131 879 2211 repetere
907 2127 961 2210 (cd
992 2127 1233 2192 similitudinem

84 2237 211 2316 θράςος
253 2237 370 2317 κράτος
411 2237 592 2320 nominum,
636 2259 717 2322 quae
758 2242 886 2322 praeter
924 2235 1082 2302 odiecliva
1119 2237 1235 2317 θραςύς

84 2345 208 2426 κρατύς
236 2345 270 2408 iu
300 2350 450 2430 promptu
477 2350 599 2430 esseut,
628 2345 692 2410 nisi
720 2347 856 2427 θράςων
893 2347 1012 2426 Κράτης
1046 2347 1233 2430 exstarent),

84 2460 205 2554 lamen
226 2455 342 2519 rectius
366 2477 437 2520 cum
464 2457 542 2534 ἡδύς
571 2455 770 2520 consocialis
799 2456 867 2539 ipso
898 2455 953 2518 illo
980 2456 1130 2535 δριμύλος
1152 2477 1234 2519 com-

84 2567 225 2648 parato,
254 2563 336 2648 quod
359 2570 408 2629 est
430 2587 449 2628 a
471 2567 589 2646 δριμύς.
634 2565 723 2630 Idem
751 2587 879 2649 prorsus
902 2564 989 2628 cadit
1016 2564 1051 2627 in
1074 2566 1235 2630 Βαθύλοςι

87 2673 226 2758 quando
247 2673 286 2736 <le
308 2679 456 2758 suspecte
480 2676 594 2741 Βάθυιν
616 2675 719 2738 forma
741 2673 840 2738 salius
862 2673 960 2738 fuerit
982 2695 1053 2738 cum
1075 2672 1236 2738 Meinelrio

86 2781 181 2846 Hist.
212 2781 281 2846 cril.
315 2805 394 2848 com.
424 2807 456 2867 p.
484 2783 548 2848 480
574 2784 730 2848 dubitare.
784 2783 883 2847 Porro
911 2807 930 2846 a
959 2783 1070 2866 verbo,
1100 2806 1166 2847 non
1194 2784 1236 2847 ab

86 2891 271 2976 adiectivo,
294 2891 424 2956 ductum
447 2896 495 2956 est
517 2895 699 2975 Δερκύλοςι
728 2894 810 2977 quod
834 2915 905 2957 cum
934 2894 1094 2959 Μειδύλος
1123 2895 1235 2958 Φειδύ-

86 3005 149 3067 λος
174 3005 260 3065 recle
284 3007 541 3086 componeretur,
571 3003 632 3067 nisi
656 3003 697 3066 ab
720 3001 781 3066 hac
803 3003 955 3067 societate
978 3002 1136 3086 simplicia
1159 3004 1234 3068 Μει-

86 3113 163 3176 δίας
192 3111 318 3176 Φειδίας
347 3133 404 3176 nos
437 3117 617 3176 avocarent.
664 3111 756 3175 Vnde
784 3115 890 3175 erilem
919 3111 981 3176 nisi
1009 3135 1028 3175 ιι
1054 3134 1141 3175 mero
1164 3111 1235 3176 sub-

87 3220 237 3283 stantivo
258 3201 437 3303 profectum
451 3221 603 3303 Αἰςχύλος
624 3221 734 3284 dices?
757 3221 844 3284 cuius
864 3220 990 3305 quidem
1006 3222 1103 3306 stirps
1125 3221 1235 3302 αἷςχος

87 3351 131 3393 ne
159 3333 285 3393 veteres
312 3330 438 3413 quidem
465 3330 577 3414 fugere
606 3330 725 3414 poluit:
756 3331 820 3394 vid.
850 3330 957 3414 Elym.
988 3331 1032 3394 M.
1060 3354 1093 3414 p.
1122 3331 1174 3412 40,
1204 3331 1234 3394 9.

87 3439 137 3501 At
167 3459 245 3501 vero
272 3438 379 3520 (audio
408 3439 547 3525 enim)e
575 3462 697 3504 morum
725 3439 908 3503 notionibus
936 3440 1015 3503 talia
1044 3443 1120 3522 apta
1149 3441 1234 3521 sunt,
1254 3455 1287 3503 τε

87 3547 189 3630 quale
219 3551 267 3611 est
289 3549 455 3630 Αἰςχύλοςι
485 3571 551 3613 non
577 3553 634 3632 pol
658 3550 682 3612 ‘l
705 3553 811 3612 aulem
833 3571 852 3613 a
876 3550 997 3613 coneha
1020 3553 1051 3612 et
1079 3547 1235 3612 similibus

87 3657 190 3720 rebus
227 3657 391 3742 quisquam
428 3659 522 3722 homo
555 3659 721 3742 appellari.
781 3658 864 3722 Num
896 3659 1047 3739 Αἰςχύλος
1080 3659 1106 3721 si
1140 3657 1236 3721 liceat

88 3766 268 3830 vernaculo
289 3772 462 3832 Schumlcin
483 3768 638 3832 vocabulo
660 3767 795 3850 imitari,
820 3769 983 3848 Κογχύλος
1005 3769 1146 3832 futurum
1168 3788 1235 3830 esse

89 3881 277 3940 Musclrlet'n.
321 3875 405 3940 Nolo
426 3877 558 3942 ulterius
581 3877 709 3962 vagari:
737 3877 772 3941 in
794 3876 854 3941 hoc
876 3877 962 3960 ipso,
992 3877 1026 3940 in
1048 3899 1110 3961 quo
1132 3897 1236 3940 verse-

87 4007 181 4068 mur,
206 4006 324 4070 generc
346 3987 494 4051 contineo
516 3987 775 4070 disputationem.
821 3985 902 4061 Quid
926 3987 1025 4070 igitur
1047 3987 1104 4048 fiat
1127 3985 1236 4050 Βαιτύ-

88 4100 150 4160 λος
175 4093 320 4178 nomine,
344 4095 426 4179 quod
449 4099 498 4162 esl
513 4103 662 4174 Pelzlein,
686 4098 808 4160 factum
831 4117 850 4159 a
873 4095 985 4176 duim?
1021 4094 1110 4170 Quod
1133 4115 1236 4158 exem-

89 4205 184 4286 plum
207 4203 306 4268 habes
328 4205 411 4288 apud
435 4203 581 4270 Baslium
602 4205 707 4289 Epist.
732 4206 803 4269 crit.
828 4227 859 4288 p.
884 4205 962 4269 244:
986 4205 1035 4267 cui
1055 4203 1097 4266 de
1119 4224 1238 4288 genere

91 4313 245 4376 universo
271 4319 399 4399 praeter
433 4315 512 4379 alios
540 4313 621 4380 adde
645 4314 895 4380 Valckenariruu
922 4313 955 4377 in
984 4313 1104 4376 Phoen.
1137 4313 1235 4378 schol.

147 4433 193 4467 ru.
215 4433 379 4470 urrecnnnrr
399 4434 544 4470 oruscurn
566 4435 583 4474 1.
997 4417 1034 4480 ll
