2954 5134
359 380 619 431 oaouonoorvu
643 382 925 431 vraooaoanasn.
1147 367 1207 430 581

81 535 174 619 praef.
208 535 268 598 vol,
297 535 312 599 I
346 557 378 618 p.
403 535 448 598 lX
478 557 525 618 eq.
555 534 638 599 idem
671 535 804 598 adeatur
838 533 1004 599 Heerenua
1032 558 1064 619 p.
1097 536 1209 620 192*);

82 645 116 707 de
141 645 284 709 universo
311 649 418 709 autem
446 666 564 730 genere
598 645 866 728 paroemiam,
898 645 981 729 quod
1014 645 1208 710 multimodis

82 759 244 839 cognatum
266 759 315 818 eal
337 777 408 819 cum
430 777 467 819 eo
490 775 583 840 quem
606 777 663 818 uos
686 755 895 820 tractavimus
924 756 1009 838 loco,
1044 777 1208 840 speramus

80 863 141 928 fore
171 867 206 928 ul
244 865 421 930 luculenter
454 864 688 930 Schneidewini
721 865 827 929 'studio
859 865 1056 930 edoceamur.
1115 865 1208 954 [Edo-

80 974 195 1059 cuilque
216 975 271 1038 ille
293 977 326 1038 in
350 975 551 1059 praefatione
573 973 716 1060 ‘Corpori
731 973 1095 1060 Paroemiographorum
1117 999 1208 1060 grae·

80 1091 188 1148 comm’
212 1107 230 1148 a
253 1107 322 1148 sese
345 1085 575 1170 leutschioque
597 1107 653 1148 suo
676 1086 761 1149 edito
784 1109 813 1150 a.
840 1085 922 1150 1839
944 1086 1141 1174 praemissa}

153 1193 269 1270 Quodsi
293 1217 332 1259 ex
353 1199 457 1278 lania,
481 1199 635 1280 quonlam
658 1195 940 1280 oVindobonenei
965 1197 1071 1260 codice
1094 1218 1206 1281 propo-

78 1305 197 1386 suimus,
221 1311 462 1390 praeceptorum
486 1305 690 1370 multitudine
712 1329 810 1370 unum
834 1307 938 1389 vobio,
964 1306 1205 1392 commilitones,

78 1415 353 1480 commendandum
375 1416 418 1480 sit
439 1419 567 1500 praeter
589 1421 712 1499 cetera,
735 1439 802 1480 non
825 1416 1004 1481 invenimus
1027 1418 1110 1502 quod
1133 1417 1206 1483 huic

76 1524 138 1588 loco
164 1525 269 1610 aplius
299 1525 354 1590 illo
382 1526 424 1590 sit
451 1527 615 1610 praeclare
643 1528 866 1610 pronuntiato:
904 1527 934 1592 οἱ
962 1531 1207 1608 πεπαιδευμένοι

76 1635 161 1700 τόιον
182 1638 369 1716 διαφέρουει
391 1641 457 1702 τῶν
480 1638 695 1714 ἀπαιδεύτων,
724 1637 802 1704 διον
825 1639 898 1703 θεὸ(
920 1641 987 1703 τῶν
1010 1637 1205 1720 ἀνθρώπων,

76 1744 118 1807 vel
139 1767 217 1830 quae
242 1746 426 1810 Aristotelia
454 1747 551 1815 verba
579 1751 654 1810 sunt
683 1747 760 1812 ὄιον
783 1747 813 1811 οἱ
835 1752 954 1814 Ζῶντε(
982 1754 1048 1814 τῶν
1071 1751 1206 1815 τεθνεώ-

74 1875 142 1919 rosv.
172 1855 307 1931 Quodsi
330 1857 437 1920 animo
461 1857 647 1940 impressum
664 1859 696 1920 ei
711 1861 875 1941 tamquam
899 1857 1094 1942 inscidptum
1117 1861 1204 1922 lene-

75 1963 151 2048 bitis,
174 1987 241 2029 uon
263 1987 409 2030 veremur
430 1967 602 2050 noereio,
626 1989 759 2050 quarum
782 1967 846 2030 iarn
869 1967 958 2030 vobis
981 1967 1118 2032 indicem
1141 1972 1204 2032 tra-

75 2073 182 2159 dimus,
217 2074 336 2140 scholis
363 2099 429 2140 non
462 2076 666 2160 pulcherrimi
701 2075 823 2142 fructus
846 2077 886 2141 ad
916 2101 970 2142 voa
999 2077 1065 2142 sint
1091 2077 1204 2144 redun-

73 2181 178 2250 daluri.

130 2405 153 2469 *)
172 2405 224 2473 [De
243 2405 285 2458 hia
303 2405 360 2460 civo
373 2407 554 2462 Democriheio
573 2407 630 2462 eive
643 2409 834 2463 Democratem
853 2409 915 2462 vide
933 2425 1005 2462 nunc
1023 2407 1201 2462 Mullochiunr

71 2493 171 2566 Fragm.
191 2499 349 2570 philosoph.
370 2517 412 2568 gr.
437 2501 534 2568 (Pario.
553 2518 578 2556 a.
599 2505 677 2568 1860)
696 2521 722 2570 p.
742 2508 791 2557 399
809 2503 881 2570 ειμι]
