2942 5134
469 348 611 398 raherei
635 349 783 398 saraae.
1134 333 1197 398 425

144 501 234 578 Quod
256 502 407 567 relicuum
430 505 494 582 est,
525 505 561 566 ut
583 501 820 566 Platonicorum
842 501 963 586 aliquot
985 502 1194 586 dialogorum,

65 612 171 696 quibus
193 613 314 678 mentio
336 611 488 676 Archelai
508 612 596 676 sacta
619 617 683 695 est,
711 617 747 677 ut
769 612 946 676 Alcibiadis
968 612 1011 694 II,
1045 612 1195 696 Gorgiae,

66 721 235 806 Theagis*)
262 725 406 806 tempora
434 744 500 788 non
525 744 706 807 repugnare
734 723 764 786 ei
792 722 910 788 rationi
933 722 1195 806 demonstremus,

66 853 153 915 quam
174 833 275 896 solam
297 833 517 916 probavimus:
544 831 575 896 id
600 832 736 917 quidem,
760 833 911 916 quoniam
933 834 1029 918 spatii
1053 833 1197 917 aliquan·

65 945 127 1006 tum
148 963 278 1025 poscere
300 942 441 1026 videtur,
471 942 526 1010 alli
554 941 646 1008 huius
675 942 857 1030 scriptionis
880 942 950 1008 loeo
972 943 1197 1010 reservandum

66 1073 127 1118 esse
147 1052 303 1121 duximus.

506 1207 739 1262 CAPV'I'VI.
1217 1201 1249 1252 14

143 1325 300 1391 Revertor
321 1327 360 1390 ad
376 1327 506 1391 Aeliani
528 1327 746 1391 narrationem
770 1327 886 1411 eap.V
909 1329 1057 1412 positam.
1091 1327 1197 1392 Euri-

67 1435 168 1518 pides
190 1435 301 1522 igitur,
326 1437 384 1501 etsi
408 1458 480 1522 quo
503 1461 607 1501 anno
630 1437 675 1501 ad
699 1438 940 1502 Archelaum
963 1461 1000 1502 ee
1024 1439 1197 1502 contule-

68 1545 115 1608 rit
134 1547 341 1612 Macedoniae
362 1570 482 1632 regem,
499 1551 647 1612 accurate
669 1547 829 1632 proditum
851 1551 899 1612 est
920 1571 938 1612 a
959 1548 1064 1630 nullo,
1087 1551 1197 1611 tamen

68 1655 175 1740 olymp.
200 1655 293 1722 XCII
315 1680 400 1721 anno
421 1659 443 1721 4
465 1658 630 1722 etiamtum
654 1657 791 1722 Athenis
814 1658 911 1722 fuerit
933 1660 1079 1742 oportet,
1112 1660 1197 1722 certe

67 1787 155 1848 usque
182 1767 222 1830 ad
252 1767 472 1832 Gameliouem
499 1790 655 1844 mensem,
683 1769 710 1832 si
739 1791 804 1832 non
833 1767 873 1832 ad
901 1767 1195 1852 Elaphebolionem.

67 1873 109 1938 Eo
130 1875 213 1940 enim
237 1899 334 1956 anno,
358 1877 470 1942 Diocle
492 1878 656 1960 archonte,
681 1878 826 1942 Orestem
848 1879 966 1961 docuit,
989 1881 1025 1942 ut
1048 1899 1086 1942 ex
1108 1877 1197 1942 scho-

69 1983 152 2048 liasta
181 1986 221 2050 ad
246 1987 351 2052 Orest.
375 2011 405 2051 v.
429 1989 488 2052 371
520 1987 584 2052 iem
607 1987 807 2072 Musgrevius
836 1989 1003 2052 adnotavit
1026 1988 1197 2054 Chronolo-

69 2095 132 2170 guae
153 2097 301 2161 scenicae
323 2119 354 2181 p.
372 2099 392 2160 9
415 2097 478 2182 (ed.
496 2097 609 2182 Beck.)
633 2104 665 2162 et
681 2098 845 2163 Fabricius
868 2097 952 2163 Bibl.
972 2119 1021 2182 gr.
1038 2097 1070 2161 II
1085 2121 1118 2181 p.
1135 2098 1198 2160 240

69 2201 158 2286 Harl,
182 2207 261 2270 item
284 2205 466 2271 Dodwellus
490 2209 576 2272 Anu.
601 2207 700 2272 Thuc.
725 2231 756 2292 p.
785 2209 831 2272 18.
876 2207 924 2270 De
945 2212 1068 2271 morte
1091 2210 1198 2270 autem

70 2311 282 2400 Euripidis,
318 2339 379 2401 quo
405 2317 461 2380 illa
489 2339 574 2381 anno
603 2317 770 2400 acciderit,
805 2339 885 2401 quae
913 2317 988 2381 olim
1023 2317 1198 2400 disputavit

71 2419 237 2490 ltoeckhius
266 2425 306 2491 de
334 2449 383 2512 gr.
407 2431 491 2512 trag.
516 2427 714 2511 principibus
738 2428 843 2511 capite
870 2428 921 2510 16,
954 2449 991 2490 ea
1013 2426 1107 2490 hodie
1130 2427 1197 2510 ipse

69 2533 216 2616 improbet
244 2557 374 2600 necesse
407 2540 456 2600 est
489 2541 620 2620 propter
653 2542 828 2602 correctam
857 2541 997 2602 asemet
1030 2537 1198 2622 pristinam

70 2641 102 2704 de
123 2643 255 2709 Lenaeis
285 2646 495 2710 seutentiam:
525 2651 620 2730 atque
648 2647 842 2730 improbavit
870 2647 1137 2712 commentatione
1160 2647 1199 2710 de

69 2751 150 2816 festis
180 2753 350 2819 Bacchicis
384 2777 416 2838 p.
447 2757 487 2819 97
521 2755 630 2819 adnot.
667 2757 735 2820 120.
786 2757 897 2840 Itaque
926 2759 1069 2841 quamvis
1098 2779 1198 2820 vacua

70 2861 259 2929 dubitatione
282 2865 348 2929 sint
369 2865 431 2929 duo
453 2865 519 2947 illa,
549 2867 697 2948 primum,
726 2869 866 2929 mortuos
892 2866 989 2930 luisse
1020 2869 1052 2929 et
1079 2865 1198 2949 Sopho-

71 2969 141 3035 clem
176 2979 207 3038 et
244 2974 432 3059 Euripidem
467 2997 503 3039 eo
536 2978 694 3060 tempore,
733 2997 794 3060 quo
824 2975 935 3040 Ranae
972 2976 1198 3060 Aristophanis

71 3085 134 3144 acta
161 3087 224 3165 est,
255 3084 287 3148 h.
313 3107 340 3149 e.
370 3085 505 3150 Lenaeis
534 3087 612 3148 anni
638 3086 726 3149 tertii
755 3085 943 3169 olympiadis
970 3085 1092 3168 XCIII,
1122 3087 1198 3149 alte-

71 3209 145 3274 rum,
178 3197 339 3258 mortuum
371 3217 439 3258 esse
475 3195 663 3280 Sophoclem
699 3199 772 3278 post
808 3195 1010 3278 Euripidem,
1048 3195 1079 3259 id
1116 3195 1199 3280 quod

72 3297 228 3368 llarmoris
255 3303 360 3387 Parii,
395 3304 526 3387 Suidae,
559 3305 701 3369 Themae
724 3304 889 3389 Magistri,
924 3305 1053 3387 Apuleii
1087 3304 1198 3387 ipsius-

71 3429 123 3490 que
149 3412 377 3496 Aristophanis
406 3415 450 3498 (v.
475 3415 537 3478 802
559 3415 643 3500 sqq.)
671 3413 733 3477 fide
756 3417 970 3478 contestatum
993 3417 1056 3478 est:
1089 3417 1199 3477 tamen

57 3538 262 3607 *nequaquam
284 3523 380 3588 facile
402 3525 508 3589 obitus
531 3523 694 3608 Euripidis
716 3523 841 3588 definiri
870 3527 985 3607 potest.
1038 3521 1099 3598 Qui
1128 3544 1200 3586 cum

73 3649 88 3688 a
115 3631 178 3695 solo
209 3632 379 3698 Marmoris
413 3633 502 3698 Parii
540 3641 668 3699 auctore
702 3635 850 3720 (quocum
884 3638 993 3698 tamen
1024 3654 1199 3718 congruere

72 3735 192 3804 Diodori
220 3743 318 3806 verba
346 3743 495 3808 videntur
523 3747 627 3809 τινὲ(
656 3746 696 3809 δὲ
723 3747 848 3820 λέγουει
872 3794 879 3807 .
903 3795 910 3808 .
934 3794 939 3807 .
962 3750 1086 3826 μικρῷ
1109 3743 1199 3823 πρό-

73 3853 151 3913 (θεν
173 3853 300 3918 τούτων
326 3857 393 3918 τῶν
422 3855 565 3938 χρόνων)
595 3853 773 3936 adscriptus
807 3853 850 3916 sit
877 3853 1066 3938 olympiadis
1094 3851 1200 3916 XCIII

73 3977 149 4020 rinno
177 3960 287 4043 alteri,
318 3983 336 4024 a
365 3963 525 4048 plerisque
553 3965 661 4026 tamen
685 3963 823 4027 eiusdem
846 3962 942 4026 teitio
965 3962 1124 4025 tribuItur.
1172 3959 1199 4022 E

74 4065 176 4146 quibus
204 4070 289 4134 solos
316 4072 448 4138 nomino
469 4072 679 4155 peritissimos
702 4076 880 4156 temporum
903 4074 1047 4136 auctores
1070 4069 1198 4152 Apollo-

116 4207 265 4218 --—.——.

74 4356 89 4410 l
131 4269 155 4336 *I
178 4271 285 4339 [Paucis
302 4273 368 4339 hoo,
391 4273 441 4329 sed
462 4273 625 4346 prudenter,
649 4275 731 4346 quale
754 4274 791 4328 sit
809 4271 1015 4330 Gutschmidius
1033 4270 1200 4341 significarit

107 4377 125 4413 Ι.
144 4379 164 4416 s.
182 4381 209 4438 p.
231 4370 278 4419 104
296 4365 371 4436 adm]
