2954 5134
281 331 343 394 606
665 347 711 392 11
735 346 805 394 ono
829 346 873 393 nr
897 346 1038 393 313311.

283 499 403 562 Comrn.
434 499 596 582 palaeogr.
622 521 653 581 p.
679 499 756 578 894,
786 499 962 561 subiectum
985 497 1209 581 Etymologico
1232 497 1397 561 Gudianoa

282 631 313 691 p.
338 609 397 671 611
423 608 463 670 ad
485 609 558 691 617,
582 608 706 670 delecta
734 611 862 672 tanturn
891 609 1035 687 ὀνόματα
1056 611 1170 670 tenens
1198 608 1302 686 ῥήμαο
1328 629 1398 690 prae

282 717 453 801 termissis,
478 719 668 801 inscriptum
692 722 798 781 autern
821 718 1010 798 Ὠρίωνος
1032 723 1091 782 τοῦ
1109 718 1265 798 Θηβαίου;
1287 717 1397 780 ulternn

282 849 299 890 e
327 827 411 890 binis
440 828 594 892 Parisinis
628 828 769 892 112610
797 831 829 891 31
854 828 918 891 464
946 828 1140 911 descriptum
1173 849 1192 890 a
1217 825 1340 902 1136313,
1368 829 1398 888 ab

282 937 407 1002 Sturzio
430 939 535 1000 autern
559 935 620 1020 ipsi
644 938 757 1001 Orioni
779 938 923 1001 iunctum
945 961 976 1021 p.
1004 939 1183 1020 173-164,
1215 937 1274 1000 hoc
1295 937 1398 1020 quiden

282 1048 402 1112 indice:
426 1049 498 1126 περὶ
513 1047 732 1126 ἐτυμολογιῶν
748 1051 827 1114 κατὰ
842 1053 1000 1128 ετοιχεῖον
1016 1049 1051 1113 ἐκ
1070 1055 1137 1114 τῶν
1152 1049 1246 1113 κατὰ
1261 1048 1400 1127 Ὠρίωνα

281 1161 340 1223 τὸν
362 1159 514 1238 Θηβαῖον.
550 1157 598 1220 Ac
623 1158 765 1222 Sturzius
789 1181 858 1222 curn
882 1159 982 1242 praef.
1006 1158 1040 1221 in
1060 1158 1212 1223 Orionem
1236 1181 1267 1241 p.
1288 1155 1400 1220 lv-i'l

282 1289 433 1351 quaerere
455 1289 521 1330 non
543 1268 738 1351 neglexerit,
763 1291 844 1352 quae
862 1268 1022 1332 videretur
1043 1269 1125 1331 ratio
1148 1268 1273 1332 illorum
1295 1288 1400 1347 excerp

281 1381 386 1441 torum
415 1399 498 1460 esse,
528 1376 688 1441 1136311113
716 1379 841 1462 quidem
871 1379 1060 1462 pronuntiat
1083 1381 1156 1456 sere
1183 1386 1300 1455 omnio,
1329 1398 1399 1454 31131

281 1495 430 1551 intertium
457 1493 543 1551 nimis
567 1495 678 1566 palicia
704 1495 777 1566 sint,
811 1493 917 1553 Orioni
947 1492 1087 1552 Thebano
1114 1509 1177 1552 esse
1203 1495 1365 1568 supposita
1388 1507 1400 1547 3

282 1597 517 1661 llarrnstadinis
541 1601 663 1680 autem,
693 1621 774 1682 quae
802 1598 942 1662 indiculo
964 1598 1043 1681 p.V
1065 1598 1170 1681 posito
1197 1599 1305 1662 (locuit
1330 1601 1400 1660 nota·

280 1709 383 1771 tiones
407 1708 574 1790 complecti
603 1710 721 1790 partim
745 1709 863 1772 Orione
892 1709 1050 1791 pleniores
1078 1709 1195 1790 partim
1225 1708 1308 1791 apud
1329 1704 1399 1769 illurn

280 1839 346 1881 non
368 1821 527 1900 repertae,
552 1817 632 1880 nihil
656 1841 689 1881 33
711 1823 964 1903 repugnaturum
988 1818 1034 1881 ait
1055 1826 1082 1882 si
1108 1827 1175 1898 quis
1200 1823 1317 1884 Orionis
1336 1822 1400 1880 corii

280 1949 342 1991 cem
365 1933 566 2007 supplendum
590 1935 819 2008 stupendumque
840 1934 1067 1993 existimaverit.

364 2037 412 2100 Re
434 2037 620 2120 diligentius
643 2038 825 2102 examinata
847 2038 886 2102 de
907 2043 1041 2124 utroque
1064 2042 1285 2122 excerptorum
1303 2057 1401 2122 genere

280 2148 326 2211 sic
349 2147 482 2230 habeto,
512 2152 547 2210 ut
578 2171 706 2211 suarum
728 2151 852 2246 partem
874 2150 1076 2212 notationum
1098 2171 1173 2213 1313
1201 2153 1353 2232 sumptam
1372 2169 1400 2208 31

280 2258 398 2321 Orione
421 2261 570 2340 teneant,
600 2262 724 2340 partem
754 2263 860 2321 autern
888 2281 926 2322 ex
955 2260 1026 2322 aliis
1049 2259 1281 2344 Etymologicis
1308 2258 1401 2342 agglu-

279 2368 426 2431 tinatam.
483 2367 527 2430 Et
559 2367 617 2431 has
650 2369 777 2460 quidem
810 2371 937 2432 tantum
973 2391 1039 2433 non
1072 2391 1182 2434 ornnes
1215 2369 1348 2452 reperies
1376 2368 1401 2428 in

229 2490 261 2538 23
281 2478 399 2560 Magno
422 2477 658 2561 Etynrologico:
688 2478 770 2562 quod
792 2479 846 2542 ubi
874 2481 906 2542 te
929 2479 1123 2562 destituerit,
1152 2479 1279 2544 easdem
1305 2495 1401 2562 quaere

280 2588 313 2649 in
337 2587 501 2670 Oudiono,
531 2587 618 2650 velut
640 2589 783 2668 oicxpcic,
812 2590 893 2668 χολή
916 2589 1215 2653 Darmstadinorum
1238 2612 1269 2672 p.
1291 2589 1357 2668 612,
1377 2587 1400 2648 8.

279 2696 351 2778 617,
378 2699 432 2779 19,
462 2698 584 2762 ἄκανθα
611 2697 829 2761 Parisinorum
857 2721 888 2781 p.
916 2700 991 2781 176,
1022 2700 1071 2763 16.
1100 2699 1170 2774 Quo
1197 2701 1234 2762 fit
1261 2705 1297 2762 ut
1324 2698 1401 2761 huius

279 2807 364 2870 morli
387 2808 569 2870 notationes
592 2807 747 2891 quaedam
775 2809 810 2871 in
839 2810 980 2894 utrisque
1008 2809 1048 2873 ad
1070 2810 1211 2873 litteram
1234 2809 1399 2873 concinant.

278 2940 307 2980 1.
333 2939 359 2980 3.
384 2918 505 2996 ἄνηθον
529 2917 669 2980 Darnrst.
694 2941 724 3000 p.
749 2919 805 2982 611
818 2969 826 3000 ,
851 2921 887 3001 8,
912 2919 984 2983 Par.
1011 2921 1081 3002 175,
1104 2921 1162 3002 23,
1192 2920 1226 2984 in
1249 2919 1400 2983 311131113-

279 3048 347 3089 ram
375 3031 499 3109 pnrtenr
527 3028 701 3090 notationis
728 3029 762 3090 in
793 3029 1014 3114 lltymologico
1042 3030 1085 3093 M.
1116 3030 1239 3113 positae
1272 3027 1400 3093 Parisino

278 3137 492 3218 susceperint,
521 3137 749 3200 llarmstnclina
777 3139 926 3221 alteram,
955 3143 991 3202 ut
1019 3162 1048 3203 1.
1078 3139 1175 3220 ἀετήρ
1202 3162 1234 3222 ρ.
1258 3139 1332 3211 612,
1360 3137 1398 3198 16.

281 3246 357 3328 176,
383 3247 560 3309 14:111.
586 3248 629 3310 M.
657 3249 731 3329 158,
758 3249 810 3312 51.
857 3248 923 3312 Nec
951 3250 1062 3313 lec-tori
1089 3271 1149 3313 nec
1176 3249 1270 3313 bonis
1297 3245 1398 3310 chartis

277 3377 408 3438 parcere
436 3358 510 3419 uolo
538 3359 690 3440 exemplis
719 3360 944 3443 congerendis,
979 3381 1059 3443 quae
1092 3359 1126 3422 in
1161 3365 1308 3442 promptu
1338 3364 1397 3419 sunt

278 3471 429 3528 centena:
463 3467 517 3530 sed
551 3468 589 3530 de
620 3489 684 3530 uuo
712 3471 820 3532 tamen
854 3491 1011 3553 exponam
1044 3469 1200 3552 imprimis
1230 3469 1339 3532 idoneo
1367 3463 1397 3526 31

278 3578 525 3656 persuasionem.
570 3577 609 3640 In
638 3577 745 3660 Etym.
776 3579 819 3642 M.
844 3602 874 3662 p.
898 3581 955 3662 31,
982 3583 996 3642 1
1021 3579 1099 3642 haec
1121 3583 1266 3643 exstant:
1291 3578 1398 3642 Αἰδοῐο·

277 3688 364 3764 παρὰ
396 3688 433 3750 τὸ
466 3687 626 3765 αἰδοῦμαι,
657 3693 819 3767 γυμνῶεαι
850 3691 912 3768 γὰρ
946 3692 964 3768 ἢ
996 3690 1150 3768 ὀνομάεαι
1180 3693 1279 3754 ταῦτα
1309 3685 1397 3751 altori·

276 3802 369 3872 acea·
397 3798 416 3874 ἢ
445 3799 532 3876 παρὰ
559 3799 596 3861 τὸ
619 3798 811 3864 ἀνοιδαίνειν
840 3800 875 3864 ἐν
897 3805 936 3884 τῇ
963 3801 1110 3882 (υνουείᾳ
1132 3799 1289 3879 ὀργῶντο.
1329 3798 1396 3860 ἕσιν

277 3905 337 3970 οὖν
366 3907 506 3971 Ἰωνικὸν
535 3908 652 3982 οἰδοῑο,
686 3911 736 3972 καὶ
768 3915 870 3993 τροπῇ
897 3914 957 3974 τοῦ
984 3914 1003 3978 ὀ
1028 3909 1071 3975 εἰ(
1110 3909 1266 3975 dalboia.
1308 3908 1396 3970 36131
1470 3989 1471 3992 ¹

276 4015 400 4094 Ὠρίων.
446 4015 602 4099 Exemplo
625 4018 720 4081 discis
728 4068 736 4100 ,
767 4040 861 4101 quarn
883 4019 918 4083 in
940 4020 1077 4102 speciem
1100 4040 1253 4083 consuere
1274 4017 1395 4081 divisa
1470 4039 1471 4085 l

276 4123 470 4188 ‹liversonim
493 4127 675 4190 notationes
705 4130 904 4192 consueverit
925 4129 1140 4214 Etymologici
1169 4133 1292 4194 auctor:
1320 4125 1394 4190 0113

275 4234 326 4296 nis
349 4236 451 4317 enim,
480 4240 516 4298 nt
545 4240 576 4300 et
600 4237 666 4319 ipse
689 4242 826 4302 testatur
852 4262 883 4322 p.
911 4240 959 4320 15,
983 4241 1025 4304 25
1053 4243 1085 4302 31
1112 4242 1131 4318 ἤ
1157 4239 1310 4323 particula
1336 4255 1393 4317 pro

276 4342 338 4425 dit,
368 4346 524 4426 posterior
552 4351 678 4410 tanturn
707 4348 861 4413 derivatio
895 4353 952 4412 est.
1008 4349 1110 4424 Quam
1142 4371 1215 4413 oum
1246 4350 1392 4412 consentu·
1469 4383 1470 4394 .

1469 4479 1470 4522 l
