3052 5136
317 300 379 363 720
708 315 867 363 soni-:nus
891 315 1063 362 cemicas.

316 472 382 530 tum
405 467 487 550 scio,
516 467 569 550 qui
599 467 831 530 nominativum
859 468 1037 531 absolutum
1066 468 1126 530 sibi
1150 468 1209 530 visi
1237 473 1309 531 sunt
1327 470 1357 531 in
1375 469 1423 530 illis

315 578 471 660 reperire,
506 599 558 640 eos
587 600 699 660 parum
734 581 935 661 perspectam
968 577 1118 641 habuisse
1150 577 1268 640 istius
1295 579 1423 641 rationem

316 687 575 750 constructionis:
607 710 702 770 quam
724 688 874 770 (proniani
898 709 984 751 nunc
1006 711 1072 751 uon
1095 687 1169 750 licet
1193 687 1368 772 diligentius
1386 687 1423 750 dc

316 797 418 879 finire,
443 820 505 860 uno
529 801 614 859 certe
637 798 796 880 exemplo,
821 796 896 880 quid
918 797 996 860 mihi
1019 798 1125 878 velim,
1149 797 1325 861 declarabo.
1365 797 1424 860 Rec-

315 908 437 970 tissime
467 907 552 970 enirn
581 930 614 970 sc
643 907 740 970 hahet
768 908 802 969 in
824 907 1055 970 Eumeniclibus
1078 931 1107 970 v.
1134 908 1194 971 100
1216 913 1354 972 παθοῦειι
1373 929 1425 990 par·

316 1017 477 1101 ticipiuin,
507 1017 588 1100 qnod
618 1017 676 1079 etsi
705 1016 802 1080 verbo
830 1017 921 1080 finito
945 1022 1048 1099 caret,
1077 1021 1187 1079 tamen
1210 1021 1242 1080 ct
1265 1017 1303 1080 ad
1325 1023 1424 1079 aulerc-

315 1126 424 1190 ‹lentia
448 1125 609 1190 commode
632 1126 823 1207 adnectitur,
849 1127 1015 1209 inquibus
1038 1126 1122 1189 idem
1144 1127 1318 1190 subiectum
1338 1127 1423 1189 ccrclcm

316 1243 363 1300 cst
388 1260 462 1300 casu
483 1236 621 1318 positmn
645 1237 753 1318 (ἔχω),
783 1241 815 1299 et
837 1236 877 1299 ad
900 1237 1143 1320 consequentia,
1172 1237 1286 1320 quibus
1314 1237 1424 1300 eiusdem

316 1346 449 1410 subiecti
473 1345 626 1429 cogitatio
649 1346 888 1430 redintegratur
910 1369 1102 1430 quamquam
1124 1346 1187 1408 alio
1211 1369 1286 1410 casu
1308 1345 1425 1428 usurpati

316 1458 414 1538 (pori).
445 1455 594 1540 Idemque
617 1456 650 1518 in
674 1456 840 1538 Sophoclis
861 1458 957 1519 verba
974 1456 1060 1519 cadit
1075 1455 1188 1540 Oedipi
1205 1455 1304 1540 Regis
1319 1457 1358 1520 60
1376 1457 1425 1538 (ιο-

317 1572 397 1632 reue
419 1568 536 1631 πάντες
559 1568 609 1630 καὶ
631 1570 817 1644 νοιοῦντει,
842 1567 886 1630 ὼε
909 1567 992 1645 ἐγὼ,
1015 1567 1073 1631 οὐκ
1095 1567 1177 1632 ἔετιν
1200 1566 1291 1645 ὑμῶν
1313 1566 1386 1630 litut
1403 1567 1426 1628 ἐξ

316 1678 386 1741 'troo
422 1679 520 1757 νοιεῑ)
553 1675 755 1758 Euripidisve
788 1673 957 1759 Hippolyti
985 1676 1026 1738 23
1061 1675 1113 1759 (τὰ
1145 1677 1253 1741 πολλὰ
1284 1680 1319 1741 δὲ
1349 1677 1425 1738 πάλαι

316 1787 511 1867 προκόψα(’,
536 1786 576 1849 οὐ
599 1785 704 1850 πόνου
727 1788 853 1849 πολλοῦ
876 1806 912 1863 με
935 1788 1004 1867 δεῖ).
1036 1823 1079 1834 —-
1111 1785 1173 1849 sed
1201 1785 1239 1848 de
1267 1783 1426 1868 Epicharmi

317 1917 408 1960 versu
429 1895 650 1977 praetermitto
673 1894 794 1976 reliqua
823 1894 1003 1956 criticorum
1027 1894 1214 1975 conamina,
1244 1917 1322 1978 quae
1350 1894 1427 1956 ham

317 2006 400 2088 apud
424 2004 579 2067 Thomom
610 1988 1094 2067 (saluenun'auversariorum
1123 2005 1256 2067 miscell.
1286 2009 1361 2086 post.
1382 2001 1427 2082 (sl.

317 2115 520 2178 Traiectinae
538 2137 567 2175 a.
587 2113 682 2190 1698)
700 2135 769 2196 cap.
788 2113 873 2196 1211.
890 2113 970 2194 516,
994 2113 1061 2196 ipse
1085 2118 1191 2176 autem
1214 2117 1341 2196 propter
1359 2115 1426 2194 opla-

315 2225 417 2287 tivum
447 2224 583 2286 Aniochi
612 2223 773 2286 codicibus
796 2223 1020 2306 consignatum
1049 2224 1133 2287 hanc
1160 2223 1258 2286 fuisse
1285 2223 1426 2306 pristinam

317 2334 463 2397 versiculi
485 2335 622 2395 sormam
645 2355 774 2395 censeo:

318 2471 400 2533 ἁὸὲ
423 2471 507 2550 χεὶρ
529 2471 600 2534 τὰν
628 2473 741 2548 χεῖρα
764 2469 876 2535 νίζει·
899 2469 1021 2533 botri
1044 2464 1425 2549 rovrrlapsov01‹.¹r

317 2621 437 2684 llorlcrn
466 2621 595 2683 artificii
618 2642 735 2702 genere
758 2620 898 2684 diversas
922 2619 1005 2702 apud
1028 2619 1257 2703 Euripidem
1280 2618 1425 2700 scripturas

320 2730 625 2793 Phoenissarum
641 2752 669 2792 v.
687 2731 749 2792 266
766 2730 943 2793 coniunctis
964 2729 1076 2792 studiis
1092 2751 1151 2812 ego
1167 2734 1200 2792 ct
1215 2730 1331 2794 enricus
1345 2725 1424 2790 conci-

317 2841 463 2903 liavimus
481 2840 540 2902 hac
557 2841 697 2902 ratione:
722 2841 764 2904 εἰ(
781 2841 892 2916 ἀγῶνα
907 2841 1003 2904 τόνδ’
1018 2841 1158 2904 ἔνοπλοι
1173 2841 1274 2924 ὁρμᾷ
1288 2842 1370 2903 παῖ(
1387 2855 1425 2912 με·

316 2953 457 3030 τέρχεται
474 2951 602 3028 δόμους.
613 2950 662 3032 ss.)
692 2951 719 3013 τὶ
735 2954 841 3012 autem
857 2971 1031 3032 pronomen
1047 2971 1117 3012 cum
1134 2949 1211 3012 alibi
1234 2971 1324 3031 saepe
1345 2947 1424 3009 locun
1500 2983 1501 2986 κ

267 3079 299 3126 eo
318 3060 468 3138 mutavit,
503 3063 570 3120 tum
593 3058 727 3122 Tactnac
755 3081 847 3121 versu
870 3058 1051 3122 llhiliaclum
1073 3058 1120 3139 ll,
1146 3059 1206 3120 136
1235 3059 1279 3121 sic
1307 3061 1338 3119 ut
1356 3058 1424 3138 patet

317 3169 499 3232 scribendo:
528 3171 567 3246 ἦν
590 3172 737 3250 κεκυῳὼ(
758 3170 936 3248 διάγραμμα
957 3171 1129 3248 μηχανικόν
1151 3189 1179 3233 τι
1200 3163 1345 3248 γράφων.Ι

386 3491 409 3556 *ι
434 3489 543 3558 {Lenius
566 3507 594 3540 cr
619 3491 741 3552 serrato,
765 3488 811 3555 qni
831 3487 982 3542 servandus
1006 3493 1079 3554 erut,
1104 3488 1208 3542 auristo
1233 3485 1422 3541 Schneidewin·

318 3583 434 3635 Exercit.
460 3583 518 3635 crit.
539 3599 599 3649 cap.
619 3581 682 3634 Vlll
707 3587 741 3648 (a.
763 3586 837 3648 1837)
861 3600 887 3648 p.
908 3587 952 3634 50:
983 3584 1030 3635 hoc
1054 3599 1080 3634 τι
1104 3584 1148 3635 καί
1172 3600 1198 3634 τι
1221 3585 1287 3635 hooc
1310 3583 1367 3643 λάβε
1386 3573 1422 3626 uel

319 3679 389 3743 κᾷτα
408 3679 473 3728 boh(
490 3678 535 3741 h).
562 3675 615 3725 Sed
635 3674 806 3742 p1·olml›ilins
831 3674 915 3726 etium
934 3674 1086 3728 Ahrcnsine
1103 3677 1199 3727 noster
1217 3675 1252 3727 de
1270 3675 1376 3726 dialecto
1390 3668 1416 3717 ilo

318 3770 374 3821 rico
393 3787 419 3836 p.
439 3775 500 3820 45⁴3:
526 3769 573 3821 ὸό(
592 3785 618 3820 τι
637 3772 681 3820 καὶ
701 3769 793 3832 λάβοι(
812 3770 838 3820 τί
857 3784 900 3830 κα,
920 3770 985 3836 post
1003 3767 1030 3820 C.
1051 3767 1079 3820 F.
1101 3767 1288 3820 llermannmu
1305 3765 1365 3817 nisti
1381 3761 1414 3828 p'm

319 3863 366 3914 los.
384 3863 451 3914 l‘lnt.
467 3863 518 3929 lp.
533 3867 590 3925 3116,
610 3860 651 3912 cni
670 3863 732 3914 δού(
752 3879 778 3913 τι
797 3864 840 3912 καί
860 3862 953 3924 λάβοι(
972 3878 998 3912 τι
1017 3861 1051 3913 κά
1070 3860 1129 3927 (sic)
1143 3861 1279 3928 placebat..
1303 3858 1338 3909 l's.
1351 3857 1374 3906 A.
1386 3853 1415 3904 u»

319 3954 401 4005 rennii
420 3955 454 4005 clo
472 3954 638 4021 Epicharmo
658 3954 756 4005 librum
776 3953 896 4004 lteroliui
915 3970 938 4004 a.
961 3959 1025 4004 1864
1042 3952 1149 4004 editum
1168 3971 1194 4020 p.
1214 3957 1275 4004 erl:
1294 3949 1334 4002 nbi
1350 3953 1418 3997 hinnu

320 4065 381 4098 inca
399 4046 661 4098 Scluiciileu'iniunis
680 4046 847 4112 mimenlurl

386 4141 424 4194 *li
451 4141 571 4206 lllirtcm
593 4139 647 4190 veri
667 4156 683 4190 u
700 4139 778 4190 nohis
797 4139 938 4190 iuuentam
957 4155 1017 4191 csse
1036 4141 1063 4190 et
1083 4139 1256 4190 llerrnannus
1273 4129 1383 4188 concessit
1398 4132 1415 4175 rt

320 4230 457 4282 h'nuclrius
477 4231 553 4283 sura.
573 4232 665 4298 lhrrip.
687 4233 694 4281 1
716 4249 739 4297 p.
755 4237 795 4289 ΖΙ,
815 4249 982 4296 quamquain
1002 4234 1117 4296 uterque
1135 4231 1263 4284 aliorsum
1281 4227 1378 4280 deductu
1392 4217 1415 4266 ‹l‘

319 4301 403 4389 ipsius
423 4342 503 4374 nunni
523 4328 623 4390 poctnc
647 4324 766 4389 indicio]
