2952 5132
355 373 513 424 mounsu
534 373 887 424 ιιιοιοκοκιοοοκοιο.
1130 355 1192 422 621

587 611 660 690 §4-

152 743 283 810 Plurima
310 745 425 810 horum
452 767 532 828 quae
559 745 725 810 attulimus
753 767 824 810 cum
852 767 929 812 sane
958 745 1047 810 salva
1069 751 1102 810 ci
1123 767 1193 812 aon-

82 854 168 918 tentio
187 859 216 920 et
242 855 481 920 construetione
507 857 619 920 abesse
646 855 786 938 possint,
819 854 901 920 haud
932 855 1039 938 paullo
1066 856 1194 940 gravior

83 962 121 1026 uia
139 967 181 1028 cst
199 987 305 1030 eornm
326 965 552 1048 exemplorum,
578 985 659 1048 quae
674 965 791 1048 elapsis
813 965 879 1030 sive
901 964 1105 1048 paucioribus
1128 966 1227 1030 snei

83 1073 200 1158 aliquam
211 1075 319 1140 multis
342 1075 447 1140 verbio
461 1074 631 1140 obscurata
648 1079 743 1160 atque
765 1075 919 1158 impedita
934 1076 1085 1140 miserum
1099 1096 1194 1159 saepe

82 1181 239 1250 inmcdum
261 1185 472 1269 interpretum
494 1207 625 1269 operam
653 1185 796 1250 luaonmt
819 1185 1039 1250 criticorumve
1061 1207 1194 1250 acumen

82 1295 228 1358 torserunt.
258 1295 530 1360 Documeniorum
544 1285 799 1378 quantominus
821 1299 871 1360 eat
892 1315 1087 1379 expromam,
1109 1297 1194 1378 poco

80 1421 160 1483 quam
183 1403 240 1470 hoe
267 1425 392 1488 quoque
419 1404 454 1468 in
481 1425 600 1488 genere
627 1426 737 1488 parem
767 1427 834 1470 osee
867 1425 977 1470 aarum
1008 1404 1195 1470 lacunarum

81 1511 287 1597 αοιιάίαίοιιοιιι,
311 1513 425 1598 quibus
448 1514 620 1580 coniuncta
634 1514 803 1580 Vrbinatis
818 1513 1024 1598 Chiaianiquc
1046 1535 1105 1598 ope
1127 1537 1195 1580 suc·

80 1621 206 1708 ωτιύίω,
223 1645 289 1688 uno
303 1623 448 1710 exemplo
463 1627 683 1690 monstravero
706 1625 780 1690 libri
796 1626 811 1690 1
831 1645 859 1690 c.
878 1625 934 1690 77:
957 1625 1047 1692 όττωτ
1062 1627 1120 1705 μὲν
1135 1625 1195 1692 ούν

80 1734 126 1810 χρὴ
146 1736 212 1815 περὶ
232 1740 300 1803 τῶν
320 1740 456 1802 τοιιύνδε
478 1735 573 1814 δόξηε
595 1737 699 1816 ἐχειν,
722 1737 863 1820 πότερον
885 1738 1124 1816 καταφρονεῖν.
1141 1785 1147 1800 .
1164 1783 1195 1814 .,

79 1841 149 1918 ἢκαὶ
167 1845 280 1911 ταύταε
302 1847 534 1926 παραδέχεεθαι
556 1847 612 1912 τάε
634 1845 782 1926 ίιτορίατ,
805 1847 850 1910 ωε
872 1845 1127 1925 ἀνακεκραμένηι
1141 1849 1196 1924 τῆε

79 1950 181 2032 όπόογε
205 1953 315 2022 ούτίαε
341 1959 401 2020 τού
428 1955 547 2034 κόεμου
574 1956 624 2020 καὶ
657 1957 772 2035 μεταξύ
799 1958 858 2021 τοῦ
886 1953 974 2020 θείου
1001 1956 1051 2020 καὶ
1078 1958 1196 2034 θνητοῦ

78 2061 176 2134 γένουε
195 2064 302 2144 τρίτηε
328 2065 415 2130 τινόε
436 2063 641 2146 ύπαρχούεηε
663 2065 807 2146 τρύεεωε,
829 2065 869 2143 ἣν
891 2065 930 2130 τό
951 2064 1115 2144 δαιμόνων
1137 2068 1197 2146 φῦ-

78 2171 126 2236 λον
145 2171 263 2253 ἐπέχει,
291 2175 365 2240 τοτὲ
390 2177 448 2254 μὲν
471 2173 655 2254 ἀνθρώποιο
680 2177 753 2241 τοτέ
774 2177 810 2240 δέ
832 2178 918 2240 θεοῑε
940 2175 1196 2257 ἐπιμιγνύμενον,

77 2277 169 2365 ἡρῷον
197 2287 299 2364 φῦναι
331 2285 444 2362 γένοε,
476 2283 551 2350 οὔτε
579 2285 686 2364 καιρόε
715 2284 751 2350 ἐν
778 2289 824 2368 τῷ
852 2285 988 2364 παρόντι
1016 2287 1197 2352 διαεκοπεῑν

77 2393 127 2454 ni.
165 2391 295 2458 Ριυεόιο
318 2392 353 2458 in
374 2393 425 2458 his
445 2393 652 2479 expediendis
672 2393 849 2460 laboratur:
871 2394 970 2478 plena
992 2395 1068 2458 euni
1088 2393 1198 2460 omnia

76 2503 216 2568 κοιοοοίίο
239 2523 277 2568 ex
300 2507 358 2566 AB
378 2502 428 2568 hio
451 2523 531 2587 quae
553 2507 627 2586 poet
648 2504 892 2584 ἐπιμιγνύμενον
915 2503 1117 2570 exciderunt:
1147 2501 1198 2589 [ἐξ

75 2609 113 2672 ού
138 2612 155 2676 δ
180 2614 297 2690 λόγοι
324 2612 406 2692 ἔχει
433 2614 477 2680 τό
505 2613 794 2698 μυθευόμενον]
824 2615 935 2698 ἡρῷον
962 2617 1063 2696 φῦναι
1090 2616 1195 2691 γένοε.

75 2715 146 2784 Huic
165 2723 265 2808 igitur
287 2721 465 2786 consimilia
490 2722 588 2788 etiam
610 2722 679 2788 sinc
702 2721 854 2788 Ohiaiono
876 2722 1017 2788 Vrbinaa
1041 2745 1112 2788 oum
1135 2723 1198 2788 alia

75 2829 161 2894 muln
181 2835 250 2896 δτιιιι
271 2831 352 2896 haec
374 2835 518 2916 praestat
532 2853 631 2918 parvo
646 2853 781 2918 magnas
797 2833 939 2896 salebras
953 2833 1092 2898 remedio
1115 2853 1198 2898 com-

73 2937 206 3018 planans.
251 2941 300 3024 11,
324 2941 380 3008 24:
409 2943 441 3007 οί
461 2945 497 3010 δέ
519 2943 594 3010 ούτε
616 2943 794 3020 ἀνεγγύου(
815 2943 967 3022 ἐποίηεαν
990 2943 1097 3024 ὥοπερ
1119 2944 1199 3012 ἐνιοι

73 3052 318 3133 τῶνβαρβάρων
341 3054 397 3117 τάε
419 3052 658 3136 ἀφροδιείμουε,
681 3053 756 3118 οὔτε
779 3050 908 3134 ἀφῆκαν
926 3053 1033 3133 ύιεπερ
1048 3053 1197 3120 Λακεδαι-

72 3156 164 3232 μόνιοι
189 3163 247 3228 τάε
274 3166 340 3228 τῶν
371 3167 532 3238 γυναικῶν
559 3163 713 3245 φυλακάς.
763 3161 826 3228 Hic
854 3163 930 3228 τοὺε
959 3163 1198 3244 ἀφροδιαεμούε

71 3271 260 3354 proponebat
282 3269 471 3355 Sylburgins
494 3271 542 3355 (et
562 3273 639 3338 τού(
660 3292 719 3355 pro
740 3273 798 3338 τάε
820 3271 919 3336 hebet
941 3273 993 3357 C):
1015 3274 1073 3338 τὰ(
1095 3273 1199 3356 ἀφρο-

72 3379 198 3456 διιίμουι
219 3381 341 3460 μίξει(
363 3379 565 3444 scribendum
588 3383 636 3444 eei
658 3402 675 3444 e
698 3386 736 3446 B.
760 3419 802 3432 -
823 3381 883 3464 III,
906 3381 964 3446 47:
995 3383 1013 3462 ἡ
1036 3385 1116 3462 γυνη
1139 3387 1198 3448 τού

72 3483 270 3568 Λοκόμωνοε,
308 3488 414 3568 ὄνομα
441 3491 625 3568 Τανακύλα,
658 3491 822 3570 ἐμπειρίαν
848 3492 961 3569 ίκανήν
987 3493 1022 3556 ἐκ
1047 3493 1198 3570 πατέρων

72 3594 253 3678 Τυρρηνική(
289 3599 522 3666 οίωνοτκοπίαε
558 3604 717 3682 λαβούια,
754 3600 855 3678 μόνον
893 3600 993 3666 αὐτόν
1030 3601 1095 3666 ἀπὸ
1131 3607 1198 3666 τῶν

71 3707 223 3776 ιυνόντων
251 3709 414 3788 ηεπόεατό
443 3729 477 3776 τε
505 3711 556 3776 καὶ
586 3710 717 3786 ἀγαθῶν
745 3709 884 3776 ἐλπίδων
907 3709 1088 3788 ἐνέπληεεν.
1133 3709 1198 3774 Vbi

71 3815 137 3896 quid
157 3817 218 3882 sibi
241 3817 353 3882 voloni
374 3818 477 3896 μόνον
498 3820 598 3886 αὐτὸν
621 3819 687 3886 ἀπὸ
709 3823 776 3886 τῶν
792 3817 982 3886 ευνόντωνέ
1011 3819 1111 3884 Immo
1128 3842 1198 3884 oum

71 3921 329 4012 iniungendum
351 3949 419 3992 esee
442 3930 593 4010 λοβούεα,
621 3928 661 3992 ad
683 3929 790 4012 priora
813 3933 920 3994 eutem
941 3929 1060 4009 ἐχουεα
1080 3929 1198 4014 requiri

71 4033 127 4098 iam
148 4035 336 4122 Sylburgius
345 4041 517 4118 ,ροοοοιαύι
554 4040 589 4103 ἐκ
615 4041 766 4118 πατέρων
793 4039 939 4118 ἐχουεα
960 4043 1027 4117 τῆτ
1048 4038 1198 4118 Τυρρηνι·

70 4149 119 4221 uic
144 4147 376 4214 οίωνοεκοπίαε
403 4148 543 4212 servavit
569 4152 609 4213 B.
636 4185 680 4200 -
707 4148 771 4230 III,
801 4147 859 4214 50:
896 4149 941 4214 ιδε
963 4149 999 4212 δέ
1022 4147 1199 4228 βραδύτερα

69 4253 103 4318 τὰ
128 4259 208 4336 παρ’
233 4257 367 4324 ἐκείνων
394 4258 451 4336 ἠν,
480 4260 530 4324 καί
558 4260 637 4324 κατὰ
666 4259 772 4324 πολλὰ
799 4261 877 4338 μέρη
905 4261 963 4323 τού
990 4256 1114 4336 τείχουε
1141 4259 1199 4324 τὰ(

71 4367 244 4444 προεβολόε
266 4367 450 4446 ἐποιοῦντο,
473 4371 674 4448 παραδοῦναι
688 4369 747 4448 τὴν
762 4367 858 4436 πόλιν
880 4367 1118 4447 ἠναγκάτθηεαν
1141 4369 1198 4434 εύν
