2954 5134
446 369 493 417 ns
516 369 587 418 oso
611 369 654 417 ατ
677 371 819 418 orions.
1139 355 1202 420 597
1273 433 1276 438 Ι

74 525 186 608 litum,
217 524 356 606 Ktitrov,
383 523 541 606 Κόβαλοε,
578 524 699 606 Κοιμῶ,
732 524 938 605 Κομμαγήνη,
967 525 1088 605 speon,
1124 526 1203 605 Κρα-

71 641 151 717 ναῆε,
175 635 322 716 Κρὰνων,
348 634 498 717 [Κρείον,]
525 635 656 715 Κρειων,
682 634 855 715 Κρόταφοι,
881 633 1029 714 Κρότωνι
1052 638 1089 698 ut
1103 635 1202 718 ipsius

73 745 177 809 codicis
204 744 396 827 scripturam
424 764 556 807 servem.
602 742 651 807 Ex
679 743 792 826 quibus
820 743 1051 807 consectarium
1078 743 1203 808 videtur

73 877 147 937 esse,
176 876 234 919 nec
261 854 420 918 diversam
449 875 517 917 esse
544 853 579 917 in
607 853 742 938 singulis
770 853 848 917 locis
870 853 970 933 Ὠροε
992 855 1130 918 nominis
1153 877 1201 918 ra·
1285 844 1289 852 ’

72 965 193 1047 tionem,
222 967 255 1029 et
284 985 358 1028 casu
387 963 510 1028 factum
538 985 606 1026 esse
635 985 706 1027 eum
734 963 817 1048 quod
844 963 914 1047 ipsa
942 963 998 1028 illa
1020 963 1059 1028 de
1083 965 1202 1044 Καλχη-

72 1077 130 1139 δών
151 1075 272 1138 notatio
296 1075 337 1138 ab
360 1073 576 1158 Etymologici
600 1073 683 1160 M.*)
707 1077 836 1138 auctore
858 1073 1044 1159 Zonarsque
1065 1097 1131 1139 non
1154 1079 1202 1140 est

74 1189 223 1268 suscepta:
247 1184 331 1268 quod
354 1185 379 1248 si
403 1205 493 1248 secus
516 1186 615 1267 esset,
639 1183 723 1266 haud
746 1184 840 1248 dubie
856 1184 1015 1249 Milesium
1038 1186 1121 1269 apud
1143 1186 1200 1250 hos

73 1295 286 1378 reperiremus:
319 1297 388 1358 tum
410 1294 493 1378 quod
516 1295 549 1358 in
572 1293 683 1358 eadem
706 1295 871 1358 notatione
893 1296 961 1358 sola
983 1296 1017 1358 in
1040 1286 1201 1380 Etpmolo·

72 1405 168 1489 gicum
196 1405 379 1470 Gudianum
407 1405 538 1469 transiit
565 1405 687 1491 gentile
715 1425 842 1468 nomen.
887 1403 1066 1469 Transiisse
1095 1410 1201 1470 autem

73 1515 183 1598 opinor,
206 1515 290 1600 quod
309 1515 493 1580 etiamtum
513 1514 722 1598 depravatum
745 1536 810 1578 non
824 1514 1066 1600 intellegeretur
1087 1517 1129 1580 ab
1151 1539 1198 1600 eo,

71 1645 154 1707 quem
179 1625 321 1690 videmus
350 1626 383 1690 in
414 1624 638 1690 concinnando
661 1625 809 1689 Gudiano
836 1625 1003 1690 omittendi
1031 1626 1117 1691 illius
1145 1649 1199 1692 no·

71 1735 156 1798 minis
183 1735 351 1800 consilium
379 1735 529 1800 tenuisse.
575 1733 665 1798 Licet
693 1735 795 1817 enim,
831 1735 857 1798 si
885 1736 1065 1800 necessario
1092 1736 1199 1802 delen-

72 1843 164 1908 denda
191 1849 275 1909 esset
310 1846 441 1930 vulgata
470 1845 642 1929 scriptura,
672 1845 803 1909 minime
832 1845 1075 1911 destitueremur
1097 1869 1199 1912 exem-

71 1954 139 2037 plis,
173 1956 286 2039 quibus
315 1957 491 2040 permutari
519 1959 675 2020 terrarum
704 1956 835 2020 nominc
868 1957 1055 2022 coeuntibus
1082 1958 1199 2022 finibus

70 2063 233 2130 vicinarum
256 2065 544 2130 demonstraretur:
572 2065 651 2130 adeo
673 2068 782 2130 tamen
805 2067 977 2151 singularis
1000 2067 1116 2132 Milesii
1145 2069 1198 2134 ho·

70 2174 154 2239 minis
174 2176 369 2261 significatio
391 2179 440 2240 est
462 2176 481 2240 ὁ
505 2176 620 2242 Μαίων
643 2175 747 2240 verbis
770 2176 874 2256 facta,
906 2181 941 2240 ut
969 2177 1002 2240 in
1025 2176 1085 2241 hac
1108 2199 1197 2260 prse-

69 2285 166 2348 sertim
188 2285 370 2370 frequentia
392 2285 573 2350 iunctorum
596 2285 694 2366 Ὠροε
723 2287 742 2350 ὁ
766 2287 917 2367 Μιλήειο(
945 2287 1109 2352 nominum
1132 2310 1197 2352 non

69 2395 157 2474 possit
184 2396 222 2460 de
252 2400 402 2480 corrupta
430 2396 464 2460 in
490 2397 593 2477 μαίων
616 2395 741 2460 litteras
763 2397 901 2476 μιλήαο(
930 2397 1033 2462 forma
1055 2397 1120 2462 ulle
1142 2398 1196 2461 du-

68 2501 169 2568 bitatio
191 2527 271 2570 esse.

589 2643 662 2723 ss.

141 2775 184 2841 Vt
204 2800 292 2842 nunc
314 2777 352 2841 de
380 2777 508 2861 scriptis
537 2781 653 2861 agatur
680 2777 843 2862 utriusque
871 2779 1089 2863 grammatici:
1117 2801 1196 2846 non·

68 2881 132 2947 dnn
157 2889 264 2952 tamen
292 2887 460 2971 seiungere
487 2887 587 2967 Ὠροε
615 2891 647 2951 et
674 2888 790 2968 Ὠρίων
817 2887 950 2952 nomina
978 2887 1062 2953 licet.
1108 2888 1196 2964 Quae

70 3013 131 3056 cnm
162 2997 304 3061 centiens
341 2997 515 3080 permutari
550 2999 569 3078 5
603 2998 623 3062 3
656 2997 843 3080 dixerimus,
882 3019 919 3061 ea
954 2999 1196 3082 permutatio

68 3123 167 3184 qnam
193 3106 393 3189 duplicem
420 3106 495 3169 vim
523 3105 669 3170 habeat
697 3111 824 3190 praeter
851 3111 957 3171 cetera
979 3129 1066 3172 nunc
1087 3107 1195 3172 viden-

69 3209 133 3277 dum
153 3219 215 3298 est,
239 3215 504 3300 proficiscendum
526 3199 633 3280 autem
655 3217 696 3280 ab
719 3217 847 3281 Orionis
869 3217 980 3282 lexico
1175 3288 1181 3298 ,

140 3323 316 3408 Receptum
342 3328 392 3390 est
414 3328 520 3388 autem
547 3329 650 3390 totum
674 3327 801 3390 Orionis
829 3327 966 3391 lerinum
994 3330 1026 3390 et
1052 3349 1109 3412 per
1131 3327 1194 3392 sin-
1267 3321 1272 3330 ’

68 3431 147 3512 gulas
175 3435 358 3500 notationes
398 3435 628 3520 transcriptum
664 3436 698 3500 in
736 3441 903 3520 utrumque
936 3459 1006 3502 cum
1039 3437 1194 3521 Magnum

68 3537 311 3628 Etymologicum
338 3549 406 3608 tum
435 3543 631 3610 Gudianum:
665 3547 747 3630 quod
778 3545 903 3630 quidem
936 3546 982 3610 ita
1016 3567 1084 3612 esse
1112 3569 1193 3612 com-

67 3651 234 3718 modissime
257 3655 304 3718 sic
325 3654 402 3718 licet
426 3675 633 3738 cognoscere,
663 3658 699 3718 ut
726 3677 743 3718 e
767 3655 962 3720 brevioribus
991 3655 1106 3721 litteris
1129 3681 1193 3722 una

68 3761 150 3842 atque
170 3763 271 3828 altera
293 3785 351 3847 per
373 3763 501 3848 singula
523 3764 625 3828 lexiea
646 3765 798 3828 lustretur
826 3769 858 3828 et
885 3765 1022 3830 invicem
1051 3768 1193 3832 confers-

67 3869 111 3929 tur
134 3869 273 3957 integra,
302 3872 458 3958 velutili
485 3873 535 3936 vel
565 3875 594 3938 Ψ
622 3873 739 3939 littera.
785 3873 902 3938 Differt
930 3879 1037 3940 autem
1062 3877 1193 3942 omnino

66 3978 215 4065 utriusque
247 3981 462 4067 Etymologici
496 3985 528 4045 et
561 3983 700 4046 instituti
737 3984 904 4049 consilium
937 3989 970 4048 et
1001 3985 1192 4068 disponendi

67 4105 155 4166 genus
187 4090 232 4156 ita
262 4092 480 4176 potissimum,
514 4096 550 4156 ut
581 4093 616 4157 in
649 4093 770 4178 Magno
799 4097 832 4158 et
857 4095 958 4160 multo
992 4096 1192 4160 constantius

66 4223 253 4240 '’m——

140 4291 162 4360 'l
184 4293 277 4365 [rugit
297 4312 343 4350 mc
366 4297 520 4364 Καλχηδών
542 4311 639 4352 vocem
659 4295 688 4350 in
710 4297 801 4366 Etym.
824 4297 859 4350 M.
885 4315 910 4366 p.
934 4302 998 4364 486,
1016 4303 1049 4352 35
1072 4300 1189 4354 exstare.

68 4381 116 4442 (se
131 4389 261 4444 reuma
274 4409 302 4459 ρ.
323 4389 386 4458 sol]
