3052 5136
510 375 671 426 scaenas
694 375 867 424 carneas.
1201 359 1263 424 735

103 553 137 594 v.
178 529 242 594 746
272 527 357 616 [759[
393 531 519 598 πίπτειν
552 530 690 612 βαρείαιε
719 531 801 609 πρὸ(
828 529 1040 612 δυεπραξίαιε,
1075 533 1108 592 et
1140 550 1264 592 rursum

102 639 309 704 Prometheo
331 663 360 704 v.
391 641 452 704 928
477 639 562 727 [930]
591 642 724 706 πταίεαε
751 645 833 726 τῷδε
861 642 942 720 πρὸ(
964 647 1051 726 κακῷ
1075 643 1107 704 et
1135 640 1265 704 Electra

104 751 285 835 Sophoclis
308 773 337 814 v.
364 751 446 814 1029
468 749 579 815 Herm.
606 749 712 838 [1040]
739 752 918 830 πρόεκειεαι
944 758 1049 836 κακῷ,
1076 751 1153 814 item
1181 750 1265 833 apud

102 861 294 926 Pindarum
318 858 370 948 [fr.
396 861 457 926 188
478 859 612 948 Bergk]
636 861 720 943 ἀρχὰ
742 863 882 941 μεγάλα(
904 861 1019 943 ἀρετᾶε
1048 863 1166 927 divor&
1189 863 1265 926 ἀλά-

102 980 200 1055 θεια,
224 976 267 1052 μὴ
290 973 420 1058 πταίεῃε
443 972 523 1050 ἐμὰν
545 973 687 1038 εύνθεειν
708 975 819 1052 τραχεῖ
838 973 913 1038 ποτὶ
935 973 1063 1052 ψεύδει,
1091 993 1172 1056 quae
1201 993 1264 1035 ser-

104 1083 204 1148 vavit
227 1082 384 1146 Stohoeus
407 1082 491 1146 h'lor.
516 1081 572 1164 XI,
601 1083 637 1147 3:
667 1082 712 1146 its
738 1081 819 1146 nihil
848 1081 997 1165 impedit,
1022 1083 1188 1166 quominus
1211 1081 1265 1146 ho-

103 1194 236 1256 minem
260 1192 451 1257 desidiosum
473 1191 614 1256 dixerint
642 1192 731 1276 quasi
755 1191 845 1276 affigi
868 1193 949 1276 olio,
975 1194 1163 1272 ετηρίζεεθαι
1183 1196 1265 1274 πρὸ(

102 1303 251 1386 ἀγωνίῳ
280 1307 394 1402 (χολῇ,
427 1301 575 1366 traducta
608 1293 750 1386 imagine
784 1303 825 1365 ab
859 1325 893 1366 re
926 1325 1007 1386 ‹yuae
1040 1302 1184 1367 sensibus
1217 1309 1266 1366 est

102 1414 273 1478 subiecta.
281 1414 312 1498 *J
335 1413 415 1480 Cum
436 1417 550 1497 quarto
573 1436 647 1477 casu
669 1413 802 1478 eandem
820 1413 982 1496 copulavit
996 1413 1265 1496 praepositionem

102 1523 288 1606 Euripides
317 1523 435 1588 Bacch.
465 1546 495 1589 v.
522 1525 618 1588 108οε
646 1525 728 1604 πρόε
757 1525 900 1604 οὐρανὸν
927 1525 978 1588 καί
1005 1527 1100 1600 γαῖαν
1129 1525 1264 1604 ἐετήριζε

103 1641 188 1716 φῶ(
219 1639 338 1714 εεμνοῡ
360 1636 463 1714 πυρόε
471 1685 479 1717 ,
515 1657 608 1718 quem
641 1656 766 1698 versum
793 1657 859 1698 non
888 1633 1104 1716 praetermisit
1131 1633 1265 1697 Valcke-

103 1745 227 1808 narius
258 1745 298 1808 ad
328 1744 495 1828 Hippolyti
524 1767 553 1808 v.
586 1746 677 1810 1200.
701 1783 743 1792 -
766 1746 913 1808 (letenna
936 1744 1114 1828 Aeschylus
1143 1766 1266 1832 quoque

102 1858 175 1920 ista
206 1857 299 1920 ποτί
330 1856 433 1920 forms
469 1878 543 1920 usus
572 1859 621 1918 est
648 1855 860 1938 compluriens
889 1855 965 1940 [sive
993 1877 1133 1920 seorsum
1161 1856 1265 1939 posita

103 1969 182 2032 sive
216 1966 401 2049 compositis
435 1965 608 2050 adhibitsl,
647 1969 682 2029 ut
717 1966 851 2030 Idumen.
891 1967 940 2030 79.
978 1968 1037 2030 108
1071 1967 1136 2050 [82.
1174 1964 1264 2052 176[;

104 2079 225 2142 Prom.
264 2077 327 2140 5⁶28
357 2075 465 2163 [53¹l3
503 2077 613 2159 Suppl.
650 2077 710 2141 357
749 2075 861 2164 [34ης
898 2079 1027 2159 Septem
1066 2076 1106 2140 ad
1139 2075 1265 2140 Thebas

103 2189 190 2252 277.
216 2187 291 2250 328.

698 2387 774 2394 .-—-.—

203 2559 394 2646 In'cadcm,
427 2582 521 2646 quem
554 2560 666 2626 ultimo
700 2561 770 2626 loco
800 2561 884 2645 diri,
927 2560 1118 2646 Aeschyli
1156 2560 1266 2626 fabula

106 2671 327 2754 Thebana,
360 2676 397 2735 ut
425 2673 490 2736 iam
517 2671 665 2736 adalind
694 2695 795 2758 genus
818 2672 972 2736 deducam
995 2672 1172 2736 orationem
1181 2723 1189 2755 ,
1218 2672 1265 2735 sic

106 2783 214 2866 poeta
238 2781 318 2844 facit
340 2783 470 2846 chorum
493 2783 726 2847 exclamantem
749 2805 778 2847 v.
803 2783 864 2848 807
888 2805 973 2866 sqq.:

273 2927 413 3009 πότερον
435 2929 536 3009 χαίρω
559 2928 772 2995 κάπολολύξω

323 3039 452 3103 πόλεωε
475 3039 600 3105 ἀεινεῑ
621 3043 781 3120 εωτῆρι,

273 3147 389 3226 ἢτοὺε
411 3152 568 3230 μογεροὺε
591 3152 641 3214 καὶ
663 3150 873 3230 δαεδαίμοναε

324 3259 479 3326 ἀτέκνου(
501 3260 627 3326 κλαύεω
649 3261 885 3342 πολεμάρχαες

107 3404 163 3469 sic
200 3401 287 3466 enirn
320 3401 355 3466 in
387 3403 546 3488 plerisque
576 3404 666 3468 libris
699 3425 773 3466 mss.
805 3402 914 3486 [etiam
940 3401 1097 3489 Mediceo]
1135 3403 1263 3488 legitur,

108 3519 217 3598 atque
240 3513 445 3578 adsciverunt
466 3513 612 3580 editores.
652 3513 811 3597 Aquibus
826 3518 858 3576 et
878 3535 989 3578 sensus
1011 3536 1100 3578 meus
1122 3517 1155 3578 et
1175 3536 1265 3578 mens
1302 3509 1306 3518 ’

109 3625 212 3690 valde
242 3623 412 3706 discrepat.
458 3624 542 3688 Nam
575 3629 610 3689 ut
638 3625 677 3689 de
705 3624 886 3688 sententiae
910 3624 939 3686 vi
962 3646 1160 3709 quaeramus,
1195 3625 1264 3708 quis

108 3735 253 3799 tandem
276 3737 324 3797 est
346 3733 399 3798 ille
422 3733 530 3814 ἀεινὴ(
553 3734 681 3815 (ωτήρ2
703 3734 831 3818 qnando
852 3757 911 3798 nec
928 3734 1082 3798 innocens
1097 3741 1158 3799 'nec
1178 3735 1264 3798 illae-

108 3867 170 3911 sus
200 3847 346 3908 serrator
375 3844 424 3908 vel
453 3844 600 3910 Eteocles
628 3849 733 3930 potest
761 3845 810 3909 vel
839 3845 984 3929 Iuppiter
1011 3845 1181 3929 appellari,
1216 3845 1264 3908 vel

110 3957 205 4021 cives
228 3953 374 4018 Thebani
406 3959 541 4039 possunt
572 3955 625 4039 qui
656 3977 693 4019 ex
721 3977 831 4038 pugna
859 3956 1100 4038 superfuerunt:
1133 3955 1265 4038 pluralis

110 4067 207 4130 enim
230 4085 380 4130 numerus
402 4065 462 4130 hoc
485 4069 580 4149 pecto
602 4066 773 4150 requiritur
794 4067 984 4130 necessario.
1030 4065 1159 4128 Scilicet
1181 4072 1264 4130 dum-

187 4321 215 4388 *y
241 4317 320 4389 [Huic
338 4317 520 4390 disputationi
543 4319 611 4376 nihil
633 4319 716 4377 hodie
734 4319 825 4377 haheo
844 4317 919 4389 quod
936 4319 1051 4390 addam,
1076 4319 1128 4376 nisi
1154 4339 1264 4380 cosme

111 4432 219 4470 omnes
238 4413 368 4468 demirari
386 4416 433 4482 qui
456 4421 527 4472 ποτὲ
545 4417 741 4485 defenderint]
1357 4407 1364 4420 ’
