2942 5134
323 337 359 383 rs
382 337 517 385 sarran
541 337 622 385 ιον.
646 337 782 386 russas
804 321 994 386 254—261.
1169 322 1232 386 375

82 487 257 552 commode
280 492 314 552 ct
336 489 493 554 concinne
516 493 640 572 coeunt,
664 494 701 554 ut
722 512 763 554 ne
780 513 872 575 posse
888 490 1015 574 quidem
1030 490 1128 556 alium
1151 490 1231 554 ordi-

80 620 164 664 nem
184 599 268 664 inire
290 599 474 664 videantur:

198 761 330 840 θήςειν
351 765 522 841 τροπαῖα
543 763 665 827 δαῖων
687 762 891 842 ἐςθήματα,

198 872 352 952 ςτέφων
375 874 534 954 λάφυρα
555 873 792 952 δουρῖπηχθ’
815 873 955 950 ἁγνοῖς
977 874 1124 951 δόμοις.

80 1039 269 1126 Postquam
292 1041 378 1106 enim
400 1041 583 1126 generalius
607 1041 684 1104 illud
699 1042 781 1105 dixit
797 1046 936 1121 τροπαῖα
951 1044 1053 1108 δαῖων
1068 1043 1234 1122 ἐςθήματα,

81 1151 155 1220 iam
183 1151 293 1234 quiid
321 1151 526 1216 instituturus
559 1151 602 1216 sit
629 1154 665 1216 ut
692 1151 814 1215 indices
844 1151 942 1216 cladis
970 1155 1074 1216 vestes
1102 1151 1234 1216 hostiles

82 1261 241 1342 evadant,
266 1261 445 1326 accuratius
468 1261 619 1345 explicat:
656 1261 769 1324 ‘hastis
798 1283 851 1325 eas
874 1262 973 1327 sacris
995 1261 1140 1326 domibus
1162 1263 1231 1326 affi-

81 1392 170 1454 gens
192 1371 321 1455 spolia!
359 1370 449 1436 Haec
472 1374 580 1434 autem
595 1371 768 1456 Aeschylia
790 1371 963 1456 quomodo
986 1372 1020 1436 in
1043 1393 1115 1436 eum
1137 1393 1230 1456 quem

83 1480 215 1546 codices
251 1481 404 1546 exhibent
439 1486 596 1545 tumorem
636 1481 811 1565 creverint,
849 1481 959 1546 licebit
995 1484 1062 1546 tam
1099 1483 1230 1565 planum

82 1591 198 1655 facere
210 1641 218 1674 ,
252 1591 334 1656 nihil
366 1595 402 1655 ut
424 1591 464 1655 ad
486 1591 768 1656 demonstrationis
801 1591 1023 1676 integritatem
1056 1591 1230 1656 desiderari

82 1701 245 1766 videatur.
289 1701 421 1766 Etenim
447 1724 465 1766 e
488 1701 647 1766 communi
674 1701 764 1766 fonte
792 1701 905 1766 turbae
928 1723 1038 1766 omnes
1060 1702 1121 1766 hoc
1142 1723 1230 1786 repe-

82 1811 207 1876 tendae
229 1816 313 1894 srmt,
337 1813 420 1896 quod
443 1815 476 1876 et
497 1811 595 1895 priori
611 1811 716 1875 versui
732 1812 782 1876 vel
804 1811 909 1894 potius
925 1811 1050 1895 utrique
1072 1815 1104 1875 et
1126 1815 1229 1896 postc-

83 1922 166 1986 riori
189 1921 308 2007 aliquid
324 1921 547 2006 explicationis
570 1922 766 2006 adscriptum
788 1925 867 2006 erat,
892 1943 1023 2005 quorum
1043 1922 1121 1986 illud
1136 1943 1230 2006 quae·

83 2031 163 2096 dam
186 2033 235 2096 sni
257 2032 395 2116 vestigia
422 2033 519 2096 etiam
542 2054 628 2096 nuno
650 2033 779 2116 reliquit
807 2033 840 2096 in
868 2032 982 2096 laceris
1009 2033 1229 2117 truncatisque

83 2141 220 2206 scholiis
242 2141 315 2206 libri
330 2141 477 2225 Medicei,
501 2142 637 2206 alterum
659 2164 787 2226 prorsus
810 2141 984 2206 intercidit.
1030 2139 1117 2217 Quae
1138 2147 1229 2226 potu·

84 2255 185 2316 crunt
211 2252 298 2316 velut
321 2253 402 2316 talia
429 2273 513 2316 esse:
550 2252 715 2332 ἀναθήςω
743 2254 818 2332 πρὸ
851 2259 917 2318 τιῖιν
951 2257 1057 2318 ναῶν
1090 2253 1130 2316 τὰ
1163 2255 1229 2318 τῶν

84 2363 293 2440 πολεμίων
320 2364 513 2442 ἐςθήματο
540 2364 641 2442 ἤγουν
671 2363 711 2427 τὰ
732 2363 908 2443 λάφυρα,
947 2365 979 2424 ct
1001 2363 1130 2443 ςτέψω
1152 2363 1229 2428 τούς

84 2475 189 2539 ναοὺς
212 2473 370 2554 λαφύροις
391 2474 493 2552 ἤγουν
519 2476 588 2538 τοῖς
614 2477 682 2538 τῶν
705 2473 910 2550 πολεμίων
933 2473 1159 2551 ἐςθήμαςιν;
1194 2471 1228 2534 iu

82 2583 204 2668 quibua
225 2582 265 2648 ad
293 2583 445 2648 amussim
477 2583 659 2646 numerabis
693 2586 847 2666 quotquot
879 2581 1033 2646 vocabula
1064 2582 1100 2645 in
1132 2581 1228 2644 trium

81 2692 314 2758 versiculorum
343 2693 481 2776 speciem
510 2692 649 2756 conflata
678 2691 838 2755 Mediceus
872 2691 969 2756 codex
1003 2691 1153 2774 praebet,
1188 2713 1229 2754 ne

81 2805 252 2882 ἐςθήμαςιν
274 2803 401 2886 quidem
423 2801 531 2866 dativo
553 2805 697 2885 excepto,
721 2823 815 2886 quem
830 2801 883 2884 qui
900 2801 1064 2884 expediret
1079 2800 1130 2865 vel
1144 2800 1228 2864 unde

81 2917 202 2978 natum
224 2911 345 2976 diceret
366 2933 460 2976 nemo
484 2913 665 2976 criticorum
686 2911 808 2976 habuit.
855 2910 922 2974 Nec
949 2909 1093 2994 profecto
1117 2931 1228 2974 caussa

81 3024 186 3105 latet,
218 3045 273 3086 cur
294 3023 422 3086 illarum
444 3023 579 3087 alteram
602 3021 847 3105 explicationem
870 3021 1027 3104 interpres
1050 3019 1228 3084 addendam

81 3133 221 3216 putarit.
266 3133 351 3198 Nam
373 3155 444 3196 oum
459 3133 576 3197 usitate
591 3153 669 3196 sane
692 3154 758 3196 uon
780 3133 945 3211 ςτέφεςθαι
968 3131 1098 3211 λάφυρα
1119 3129 1228 3194 dican·

82 3247 149 3324 tur,
174 3243 230 3306 sed
252 3265 303 3307 res
318 3243 488 3326 quaepiam
504 3244 669 3323 ςτέφεςθαι
690 3243 859 3322 λαφύροις,
882 3244 917 3303 ut
939 3240 973 3303 in
989 3239 1101 3304 eadem
1117 3261 1228 3304 caussa

83 3354 202 3418 ὅπλοις
225 3355 350 3418 ςιιύλοις
377 3374 410 3418 τε
433 3355 572 3432 Φρυγῶν
594 3353 831 3432 δοριθηράτοις,
861 3351 940 3417 οἷςιν
963 3351 1132 3429 Ἀχιλλέως
1154 3353 1229 3414 παῖς

83 3464 234 3528 Φθιώτας
263 3465 372 3544 ςτέψει
394 3464 495 3528 ναούς
523 3461 607 3544 apud
630 3460 815 3544 Euripidem
843 3463 892 3524 ost
913 3459 1073 3524 Troadum
1099 3482 1129 3522 τ.
1153 3459 1227 3541 576,

83 3574 165 3636 item
189 3573 272 3656 apud
294 3572 374 3636 alios
389 3574 636 3662 poetasrdpssov
652 3575 774 3652 λοιβαῖς
790 3573 839 3635 καὶ
854 3573 984 3650 χλιδαῖς,
1007 3571 1102 3635 νέκυν
1126 3573 1228 3650 χοαῖς,

83 3685 213 3762 πάτραν
241 3683 369 3762 ἐνάροις
400 3684 526 3763 ςτέφειν
561 3681 686 3765 aliaque
721 3703 787 3744 non
820 3701 918 3763 parvo
946 3701 1077 3744 numero
1099 3678 1225 3764 parilia,

82 3813 153 3858 non
175 3791 333 3856 inutiliter
355 3792 396 3856 ad
418 3789 502 3855 idem
524 3812 626 3876 genus
648 3791 790 3856 revocari
819 3789 921 3854 visum
955 3788 1106 3872 estquod
1129 3790 1226 3874 longe

83 3902 209 3966 rariore
231 3923 289 3966 usu
311 3900 489 3986 Aeschylus
511 3901 618 3985 posuit
639 3902 767 3980 ςτέφιυν
789 3901 921 3982 λάφυρα
943 3900 1080 3982 ‘stipans
1095 3898 1226 3980 spolia’:

84 4013 178 4078 cuius
199 4033 273 4074 usus
294 4033 382 4076 nuno
403 4033 470 4076 non
491 4009 578 4074 aliud
601 4009 779 4094 exemplum
801 4010 836 4073 in
858 4013 1008 4092 promptu
1029 4011 1078 4071 cst
1099 4009 1227 4089 praeter

83 4121 165 4186 illud
189 4121 224 4184 in
245 4121 306 4186 hac
326 4121 438 4186 fabula
459 4143 489 4184 τ.
512 4120 569 4184 49:
596 4121 730 4200 μνημεῖά
752 4122 784 4184 θ’
806 4121 915 4185 αὑτῶν
936 4123 1003 4184 τοῖς
1025 4121 1170 4186 τεκοῦςιν
1192 4115 1226 4186 ἐς

83 4233 208 4312 δόμους
228 4233 310 4316 πρὸς
331 4231 407 4314 ἅρμ’
429 4231 601 4310 Ἀδράςτου
622 4231 726 4309 χερςῖν
749 4230 894 4310 ἔςτεφον.

554 4405 746 4418 ,..--.--.,
