2952 5132
348 391 503 439 ruouusn
526 389 877 438 naarcauuaasuasrs.
1120 369 1183 434 483

66 545 105 608 (111
124 565 177 628 per
199 543 332 606 aliarum
355 543 576 627 quaestionum
599 541 871 626 opportunitatem
894 537 1090 624 corrigendis
1113 538 1184 621 plus

66 676 147 738 quam
167 653 246 718 alius
268 653 434 738 quisquam
457 654 588 732 meruit,
624 651 812 716 Schaeferus
836 650 870 713 in
893 649 1083 734 Gregorium
1111 649 1182 712 Cor.

66 786 92 846 p.
114 763 184 846 165,
213 763 247 826 15
269 762 358 826 115511
385 761 524 846 Ellipseu
548 785 578 846 p.
602 763 681 844 557,
705 762 739 824 15
761 759 927 824 Plutarchi
954 759 1047 822 Vitae
1070 756 1130 820 vol.
1156 755 1185 818 V

66 895 91 955 p.
114 874 182 956 106,
205 871 364 936 Meletem.
396 872 466 936 crit.
493 895 524 954 p.
551 873 605 954 13,
635 871 669 934 15
692 871 881 954 Dionysium
903 869 942 932 de
966 889 1067 950 comp.
1097 867 1183 930 verb.

66 1005 92 1065 p.
106 983 171 1064 365,
195 982 283 1046 alibi.
315 983 364 1046 Ac
387 981 586 1064 praestantia
608 979 734 1065 quidem
757 980 813 1044 illa
836 967 1002 1042 Vrbinatis
1024 977 1098 1040 libri
1124 997 1186 1040 non

67 1097 177 1174 poterat
198 1113 275 1156 sana
300 1092 446 1176 cuiquam
468 1091 584 1167 latere,
613 1095 648 1154 51
677 1091 764 1154 15151
791 1113 851 1174 ope
873 1111 938 1152 uon
967 1092 1093 1152 tantum
1115 1108 1187 1172 gra-

66 1201 154 1266 uiores
174 1203 309 1266 lacunae
331 1201 486 1286 quaedam
515 1201 692 1286 luculenter
718 1200 908 1264 tollerentur
930 1199 985 1263 lib.
1010 1197 1035 1278 Ι,
1060 1199 1110 1261 74.
1136 1197 1187 1261 77.

67 1311 168 1395 8211,
191 1313 222 1377 3.
245 1313 296 1376 25.
320 1311 372 1376 52.
397 1311 456 1392 ΙΠ,
480 1313 510 1374 4.
534 1311 591 1392 lv,
608 1311 660 1392 49,
685 1309 739 1373 aed
762 1311 795 1373 in
818 1309 954 1394 singulis
977 1329 1099 1392 quoque
1122 1307 1189 1370 vul·

68 1425 132 1503 gata
157 1422 191 1487 in
220 1421 412 1486 editionibus
440 1421 597 1504 ieriptura
620 1443 715 1504 saepe
744 1419 966 1484 emendaretur
994 1418 1187 1491 felicissime,

68 1531 140 1594 11151
165 1531 322 1596 revocatis
349 1553 429 1616 quae
457 1531 642 1594 exciderant
670 1530 865 1611 ἀμφοτέρων
893 1551 924 1612 ρ.
948 1529 979 1610 2,
1003 1531 1054 1610 21,
1079 1530 1189 1608 ἑτέρα(

67 1641 92 1714 b,
113 1641 156 1717 12,
183 1643 280 1720 αὐτῆ(
302 1641 338 1724 5,
361 1641 418 1718 26,
447 1643 504 1721 μὲν
530 1641 578 1722 10,
602 1641 637 1718 3,
667 1639 716 1702 vel
744 1639 861 1702 rectius
890 1637 1053 1702 collocatis
1081 1637 1185 1701 verbis

67 1749 321 1832 1111555511
344 1751 545 1832 ἀναγραφῆς,
569 1749 605 1827 9,
627 1750 668 1812 27
691 1751 801 1829 ςυχνοὶ
824 1751 906 1828 πρὸς
928 1748 1072 1826 τούτοις,
1097 1749 1146 1824 11,
1173 1749 1187 1810 1

69 1861 224 1928 Διονύειός
247 1863 315 1940 εἰμι,
338 1861 388 1924 vel
412 1859 484 1924 aliia
506 1858 607 1922 modis
631 1859 850 1942 redintegrata
873 1858 1017 1922 oratione
1042 1859 1070 1941 1,
1098 1858 1117 1922 0
1139 1859 1190 1922 ἐπὶ

67 1972 186 2050 ταύτην,
217 1975 245 2048 1,
271 1970 311 2034 10
332 1971 448 2046 λόγον,
475 1971 501 2044 1,
528 1969 565 2032 18
588 1973 820 2048 προαιρεῐεθαι,
843 1967 874 2049 4,
901 1969 941 2032 10
963 1969 1190 2046 ἐθαλααοκρὰ-

69 2099 150 2158 τουν,
171 2079 201 2156 8,
225 2079 268 2144 30
288 2081 470 2160 διατρῖψαι,
496 2079 546 2156 10,
568 2078 610 2143 23
632 2079 960 2158 πραγματευεάμενοιε
993 2081 1029 2142 51
1049 2077 1189 2149 mittam,

69 2209 136 2268 quae
156 2191 190 2252 ut
212 2191 394 2272 praeatent,
423 2192 533 2252 tamen
561 2211 625 2252 non
653 2187 699 2252 ita
722 2191 889 2270 praestant
910 2193 946 2250 51
968 2188 1191 2270 5151111151-

68 2295 153 2362 deant
177 2297 310 2382 vulguta
336 2299 393 2376 μὲν
422 2299 484 2377 γὰρ
505 2297 545 2376 4,
573 2298 608 2374 6,
642 2299 720 2363 οὐδὲ
747 2299 781 2364 ἓν
809 2299 839 2374 5,
862 2297 900 2378 5,
928 2300 1061 2363 διελθεῖν
1084 2297 1114 2378 9,
1141 2297 1189 2360 12.

69 2403 145 2471 Η511
165 2409 266 2493 igitur
293 2429 364 2472 cum
393 2407 522 2491 propria
551 2429 618 2472 esse
646 2405 731 2472 illius
759 2407 832 2471 libri
862 2407 1006 2471 condicio
1035 2409 1066 2470 11
1091 2407 1191 2470 virtus

69 2514 223 2599 uderemr,
259 2537 386 2600 prorsus
419 2520 489 2580 erat
521 2515 639 2580 rationi
674 2520 933 2599 consentaneum,
968 2517 1050 2601 quod
1079 2517 1124 2580 eia
1157 2517 1190 2581 in

69 2623 143 2707 locis,
165 2627 280 2711 quibus
301 2626 383 2690 nihil
404 2626 589 2690 offensionis
612 2625 766 2710 Stephani
790 2627 947 2710 scriptura
969 2625 1112 2709 haberet,
1137 2627 1191 2692 sed

67 2735 162 2800 tamen
179 2736 340 2800 diversum
355 2735 505 2819 quiddam
521 2739 554 2800 et
567 2735 731 2820 singulare
747 2737 885 2800 etiamsi
901 2758 958 2820 per
972 2759 1006 2800 11
1021 2759 1086 2800 non
1102 2759 1191 2800 num—

69 2865 150 2923 quam
171 2849 283 2930 aperte
311 2845 460 2910 vitiosum
481 2845 622 2910 Vrbinas
650 2845 833 2930 praeberet,
864 2867 902 2910 ex
929 2845 990 2910 hoc
1018 2846 1192 2911 divinando

68 2951 173 3038 aliquid
206 2955 379 3040 affingere,
417 2955 500 3040 quod
533 2959 616 3020 esset
648 2956 829 3038 probabile,
864 2978 959 3040 quam
993 2957 1027 3020 in
1060 2957 1191 3040 vulgatu

69 3062 212 3146 scriptura
236 3065 436 3149 acquiescere
459 3066 650 3148 maluerunt,
677 3069 806 3150 propter
827 3067 932 3150 ipsam
954 3067 1192 3150 simplicitatem

68 3175 94 3232 et
113 3171 278 3240 Vrbinatis
299 3175 477 3240 dissensum
500 3179 657 3260 suspecta.
702 3174 779 3240 nius
801 3175 886 3240 modi
908 3177 970 3240 tria
993 3177 1192 3260 potissimum
1212 3187 1243 3234 23

67 3285 132 3344 sunt
158 3284 192 3348 in
220 3286 383 3368 prooemio
417 3286 578 3368 exemplu:
614 3308 645 3370 p.
669 3287 705 3367 3,
732 3287 769 3350 17
798 3287 921 3366 χρόνον
951 3309 985 3353 τε
1013 3267 1059 3351 od
1081 3290 1193 3372 πολλῷ

68 3393 190 3458 πλείονα
211 3395 381 3460 διακοείων
404 3396 498 3474 ἐτῶν,
520 3396 609 3477 4,18
632 3395 689 3475 ὅςη
712 3399 856 3461 alehem
876 3400 915 3476 μὴ
938 3397 1097 3462 ἀδύνατός
1120 3397 1193 3473 ἐςτι,

67 3503 164 3582 πρώτη
188 3507 238 3570 καὶ
260 3506 357 3586 μόνη,
382 3506 411 3586 7,
435 3505 477 3569 28
504 3507 585 3570 αὐτὰ
613 3509 907 3585 διεεπουδαςμένω(
936 3507 1011 3572 οὔτε
1039 3508 1193 3588 ἀκριβῶεε

68 3609 169 3689 quibus
190 3613 270 3678 locis
292 3613 367 3696 quid
389 3613 565 3678 machinati
581 3614 647 3680 1151
662 3613 898 3700 Bernhardyus,
923 3615 1082 3698 Reiskiua,
1107 3615 1193 3679 Hud-

68 3737 163 3803 sonua,
186 3723 366 3786 monuimus
389 3722 606 3788 adnotatione.
652 3723 740 3788 Talis
768 3727 850 3790 ratio
873 3726 1004 3790 criticae
1027 3727 1105 3790 artis
1128 3727 1194 3790 fuc-

69 3825 202 3894 titandae
218 3853 289 3896 cum
312 3853 439 3915 prorsus
463 3837 539 3916 apta
562 3833 604 3896 111
626 3856 664 3898 ex
687 3833 868 3899 indubitata
891 3837 1068 3926 grandique
1091 3857 1194 3900 exem·

68 3934 182 4014 plorum
204 3940 409 4006 multitudine
432 3943 637 4026 comprobata
666 3945 864 4026 praestantia
888 3945 954 4008 eius
977 3946 1066 4027 libri,
1101 3969 1195 4029 quem

69 4048 228 4132 praecipue
250 4051 443 4135 aequendmu
465 4051 573 4132 ducas,
597 4053 710 4116 mirum
734 4059 782 4116 est
807 4055 951 4137 profecto
974 4055 1104 4118 minime
1127 4077 1195 4120 csse

68 4159 252 4243 (quaesitum,
286 4183 363 4224 num
397 4161 480 4224 forte
515 4161 696 4244 Stephanus
733 4185 855 4247 quoque
896 4164 1043 4244 haberet,
1081 4165 1195 4248 quibus

71 4268 239 4356 neucesarie
267 4269 488 4352 posthabenda
521 4269 688 4335 Vrbinatis
721 4272 799 4336 fides
834 4278 926 4338 11111.
978 4271 1054 4336 11151
1088 4279 1193 4340 autern

71 4375 188 4450 generis
210 4399 303 4441 nemo
325 4379 515 4444 diffitebitur
537 4402 564 4444 1.
590 4403 617 4445 c.
642 4381 720 4445 haec
749 4403 834 4447 esse:
871 4387 1012 4463 servata,
1045 4407 1126 4468 quac
1155 4388 1196 4448 ab

930 4485 994 4550 31*
