2990 5140
488 395 525 440 ru
547 395 829 444 sarsroaaauuu.
1168 381 1229 446 227

87 547 152 609 tire
180 545 306 609 videtur
332 544 594 611 Schneidewinus
622 547 643 611 l.
674 569 701 612 o.
726 571 757 631 p.
782 548 854 630 952,
884 549 937 633 qui
964 549 1122 613 miscellae
1153 571 1231 634 quos

88 655 224 721 dicimus
260 657 383 720 codices
415 656 535 740 opponi
568 657 765 742 simplicibus
798 659 853 722 ait.
914 658 957 722 Et
989 659 1076 743 prior
1105 659 1231 744 quidem

88 767 253 831 sententia
281 767 327 830 ita
356 771 542 850 comparata
570 773 635 850 est,
671 771 706 832 ut
736 791 880 853 eaquae
912 773 1024 834 contra
1056 769 1233 854 disputavit

89 876 318 961 Bemhardyus
342 879 362 942 l.
387 899 426 960 c.,
456 878 612 963 aquibus
640 901 697 942 sua
726 878 872 943 defendit
898 879 1092 944 Ritschelius
1115 879 1231 946 Coroll.

89 1011 121 1071 p.
138 989 182 1052 34
197 1009 277 1072 sqq,
300 1010 366 1052 non
387 988 580 1072 impeditura
595 993 702 1053 essent
730 989 897 1074 quominus
919 1011 990 1054 eam
1011 991 1231 1075 amplecterer,

87 1097 185 1162 modo
201 1099 302 1182 viam,
326 1121 388 1184 qua
404 1098 443 1162 ad
459 1099 556 1162 rerba
578 1103 652 1182 apte
674 1100 981 1184 accommodaretur,
1006 1100 1232 1184 conspicerem.

88 1209 177 1273 Nam
199 1231 271 1274 cum
298 1209 401 1274 latina
428 1209 542 1294 verba,
571 1210 725 1295 aquibus
752 1211 914 1294 profectus
936 1215 1006 1276 erat
1027 1209 1232 1293 Ritscbelius,

88 1341 158 1384 non
191 1320 261 1384 sine
294 1319 429 1384 artifieio
462 1319 497 1384 in
526 1341 597 1384 eam
630 1342 725 1405 quam
757 1322 847 1404 posui
881 1321 1075 1386 senteutiam
1107 1319 1233 1384 deflecti

88 1435 227 1515 queant,
251 1434 319 1495 tum
342 1435 452 1514 aperte
468 1430 678 1495 adversantur
693 1453 821 1516 graeca.
859 1429 994 1495 Viderat
1013 1433 1073 1496 hoc
1088 1429 1233 1494 Ritsche-

88 1542 153 1604 lius
176 1545 209 1605 et
230 1541 384 1605 auxilium
405 1541 537 1624 petebat
551 1561 571 1604 a
586 1539 725 1604 Parisini
748 1541 866 1606 codicis
888 1542 1233 1625 scripturarumque

87 1673 149 1734 pro
177 1673 240 1736 qua
263 1651 437 1732 ιυμμίιιτων
465 1651 528 1715 dici
557 1655 761 1735 oportuerat,
789 1653 817 1716 si
839 1651 920 1715 varii
942 1651 992 1715 vel
1020 1651 1112 1716 mixti
1138 1671 1234 1736 argu-
1252 1657 1301 1706 24⁷

88 1761 194 1826 menti
217 1761 315 1826 libros
338 1761 516 1846 significari
531 1761 648 1854 Tactus
670 1761 831 1826 voluisset.
876 1760 1049 1846 Nunquam
1070 1761 1156 1826 enim
1175 1760 1234 1824 bos

88 1875 265 1952 (apparete,
295 1871 350 1936 sed
372 1873 559 1952 (υμμίκτουε
581 1875 768 1937 constanter
792 1871 959 1956 appellari.
1005 1871 1173 1958 largimur
1196 1891 1235 1934 ex

88 1985 152 2046 boc
179 2003 240 2045 usu
267 1985 356 2048 recta
382 1981 490 2067 colligi
519 1982 602 2066 quod
624 1983 725 2046 voluit
750 1981 819 2064 ille,
848 1985 1006 2062 (υμμιγεῑε
1034 1983 1161 2064 βίβλου(
1188 1981 1234 2045 ita

89 2091 172 2174 dici,
196 2095 313 2156 utnon
329 2091 529 2178 singulorum
544 2093 697 2156 librorum
713 2091 836 2156 indoles
851 2091 1034 2176 multiplex,
1058 2091 1113 2156 sed
1134 2091 1235 2156 mixta

90 2201 240 2266 condicio
255 2201 474 2267 universorum
488 2205 644 2287 tauquam
659 2204 916 2282 συμμεμιγμένων
939 2205 1114 2285 spectatum
1137 2201 1233 2286 largi-

89 2333 164 2376 mur
184 2313 262 2377 item
289 2334 348 2396 pro
371 2317 520 2396 corrupta
548 2313 583 2376 in
606 2311 821 2377 Ambrosiano
848 2311 956 2376 codice
977 2315 1135 2392 ιιιμμικῶν
1158 2332 1234 2375 voce

90 2427 253 2502 ευμμιγῶν
275 2424 381 2506 potius
409 2444 505 2507 quam
524 2424 701 2502 ευμμίκτιιιν
724 2421 954 2486 restituendum
976 2421 1089 2485 fuisse:
1112 2419 1235 2484 scilicet

89 2553 158 2596 non
180 2533 305 2597 minore
326 2532 517 2597 difficultate
539 2533 689 2597 laborant
704 2553 741 2595 ea
764 2553 845 2616 quae
860 2531 1007 2615 opposita
1030 2533 1105 2596 sunt
1118 2531 1233 2597 ἁπλῶν

89 2645 127 2708 δὲ
156 2645 208 2708 καὶ
235 2643 385 2723 datque.
430 2642 515 2707 Nam
541 2645 578 2706 ut
604 2643 742 2723 ἀμιιγεῑε
769 2642 820 2706 vel
850 2641 984 2724 ἀμιγεῖς,
1016 2641 1076 2705 hoo
1098 2643 1147 2704 est
1168 2661 1233 2704 non

90 2753 184 2816 mixti
208 2752 259 2816 vel
280 2753 413 2838 digesti,
437 2756 524 2817 recte
543 2751 695 2817 dicantur
716 2751 739 2815 ii
761 2751 851 2834 libri,
875 2751 1028 2835 aquibus
1050 2751 1129 2834 alia,
1153 2772 1233 2835 quae

91 2885 164 2926 cum
192 2862 233 2926 iis
256 2863 427 2928 coniuncta
454 2867 539 2946 erat,
567 2883 643 2946 pars
670 2861 809 2926 discreta
830 2863 930 2943 esset,
960 2860 1055 2924 iidem
1083 2881 1144 2944 quo
1166 2859 1234 2924 iure

90 2973 254 3056 simplices
270 2973 488 3057 appellentur,
513 2975 639 3036 auteur
653 2971 759 3036 minus
774 2973 919 3055 apertum
935 2971 1133 3054 vocabulum,
1150 2971 1233 3053 quod

91 3105 133 3147 ne
148 3083 289 3167 oppositi
304 3082 431 3167 quidem
445 3083 611 3163 εύμμικτοε
627 3082 710 3146 ratio
725 3081 894 3166 poscebat,
911 3080 1070 3145 addiderit
1085 3079 1231 3164 scriptor,

91 3215 159 3257 non
181 3193 340 3277 intelligo.
384 3192 556 3258 Nemeum
578 3193 679 3274 βίβλοι
700 3213 767 3256 non
788 3192 850 3276 ipsi
867 3191 1058 3276 scriptorum
1074 3211 1233 3254 commen-

89 3303 168 3366 tarii
198 3307 230 3366 et
259 3302 402 3366 carmina
424 3307 589 3387 poetarum
615 3302 697 3385 sint,
729 3301 784 3366 sed
810 3301 989 3384 volumina,
1018 3300 1131 3386 quibus
1153 3299 1233 3364 haec

90 3412 324 3496 comprehensa
336 3415 430 3477 erant
441 3413 498 3497 (cf.
511 3412 721 3478 Ritschelium
736 3411 775 3475 de
790 3411 889 3476 scbol.
902 3411 1007 3474 Plaut.
1020 3433 1052 3494 p.
1065 3411 1105 3474 27
1117 3412 1150 3472 et
1160 3408 1231 3474 Ind.

89 3525 169 3586 lect.
189 3523 255 3586 bib.
278 3521 383 3587 Bonn.
405 3545 425 3586 a
447 3523 528 3588 1840
542 3545 574 3606 p.
591 3521 638 3586 IX
660 3519 768 3608 [supra
786 3543 818 3605 p.
835 3521 943 3608 1861),
965 3521 1037 3604 ipsa
1057 3519 1231 3602 volumina,

88 3636 263 3717 propterea
284 3632 367 3717 quod
390 3633 518 3718 singula
541 3633 693 3698 librorum
713 3653 791 3716 quos
807 3629 1018 3695 continebant
1039 3629 1233 3713 exemplaria

88 3745 205 3826 erant,
229 3742 358 3826 reliquis
379 3743 414 3807 in
434 3744 494 3807 hoc
515 3763 648 3807 numero
668 3763 735 3807 non
758 3739 965 3825 computatis,
989 3739 1147 3822 simplicia
1169 3737 1233 3803 dici

87 3873 295 3938 nequaquam
322 3857 505 3936 potuerant.
550 3853 662 3938 ltaque
686 3874 757 3917 cum
779 3873 817 3916 ea
839 3871 907 3915 esse
927 3849 1043 3914 debeat
1064 3849 1178 3914 ἁπλῶν
1200 3851 1233 3911 et

87 3964 270 4043 (νμμίκτων
301 3963 468 4028 verborum
495 3963 558 4045 vis,
587 3983 667 4048 quae
695 3961 834 4045 ipsorum
859 3960 1055 4025 voluminum
1083 3961 1232 4022 naturam

88 4073 231 4160 quodam
252 4073 346 4137 modo
373 4077 506 4158 tangat,
535 4073 687 4136 maiorem
708 4071 969 4155 probabilitatem
990 4070 1033 4134 ab
1058 4066 1119 4132 hac
1140 4071 1233 4151 parte

88 4185 194 4248 babet
208 4184 310 4248 altera
324 4183 496 4247 sententia.
535 4181 596 4246 Sed
612 4183 738 4246 laborat
752 4201 790 4244 ex
805 4180 869 4244 alia
884 4183 991 4264 parte,
1007 4177 1089 4264 quod
1105 4182 1232 4242 tantam

89 4315 204 4358 eorum
230 4293 444 4376 voluminum,
473 4313 554 4376 quae
582 4292 777 4356 diversorum
804 4291 994 4376 scriptorum
1023 4289 1121 4354 libros
1150 4309 1232 4354 com-

90 4403 327 4488 plecterentur,
357 4401 594 4466 multitudinem
617 4401 758 4466 extitiase
780 4399 984 4466 nullomodo
1006 4400 1091 4465 credi
1114 4403 1231 4485 potest.

968 4503 1030 4570 15*
