2942 5134
282 341 345 411 404
552 361 555 368 ·
598 359 643 408 na
666 357 815 408 caniaco
839 353 1044 410 saracenae

283 517 371 580 milia
394 513 589 600 exempla.*)
634 513 729 578 Nunc
751 517 858 577 autem
881 535 952 576 curn
974 511 1034 594 his,
1058 533 1138 596 quae
1161 509 1214 575 via
1234 534 1269 577 ac
1287 513 1384 576 ratione

283 649 320 689 ex
343 627 512 689 obscurata
534 626 687 688 librorum
710 623 861 686 memoria
884 621 1002 686 eruisse
1024 622 1116 685 nobis
1138 622 1288 686 videmur:

526 780 563 843 τὸ
586 780 642 857 μέν
664 798 710 842 uc
733 778 897 856 ἀκμαῖοι
920 777 995 840 οὔτε
1016 777 1137 854 γηρὰε

525 889 731 967 εημὰντωρ
754 887 879 950 ἁλιώεει
901 887 968 965 χερὶ
991 887 1107 964 πέρεαε
1121 912 1155 918 -

283 1062 432 1123 compara
455 1039 533 1102 milri
556 1061 672 1122 quaeso
695 1037 896 1100 incredibilia
918 1037 991 1118 illa,
1022 1058 1102 1120 quae
1129 1059 1239 1119 parurn
1260 1037 1388 1119 locuplete

281 1150 330 1213 vel
355 1154 483 1212 auctore
506 1148 554 1210 vel
580 1147 749 1230 impulsore
765 1145 929 1208 Nauckius
952 1168 1053 1228 nuper
1076 1146 1271 1229 periclitatus
1292 1151 1333 1208 est
1351 1168 1388 1206 au·

281 1260 458 1322 ducissime.
504 1257 706 1340 Hartungius
729 1256 814 1318 enim
837 1278 908 1318 cum
935 1255 969 1318 in
997 1257 1072 1321 οὔτε
1099 1259 1215 1335 νεαρὸε
1241 1255 1389 1338 suspicatus
1456 1305 1457 1312 ,

282 1373 365 1431 esset
387 1369 459 1432 οὔτ)
482 1367 560 1446 ήροε
583 1367 693 1448 latere,
717 1366 793 1428 hinc
815 1365 869 1428 ille
893 1365 988 1428 nimis
1005 1365 1148 1428 credulus
1164 1366 1317 1448 profectus
1330 1365 1390 1426 talia

282 1481 394 1560 poetae
418 1461 627 1541 coniectando
650 1475 777 1538 tribuit:
809 1478 846 1540 τὸ
875 1477 932 1554 μέν
960 1496 1005 1539 τι(
1032 1476 1115 1540 οὔτ)
1146 1475 1239 1554 ἠροε
1268 1477 1340 1539 οὔτ’
1359 1475 1390 1536 ἑν

284 1589 364 1671 ὥρᾳ
387 1588 594 1665 χειμώνων
618 1586 744 1649 ἁλιώεει
767 1607 794 1647 e.
818 1607 849 1666 q.
873 1583 912 1647 s.'
944 1583 1068 1648 Hocine
1089 1606 1165 1649 vero
1187 1583 1391 1647 estemendarr

281 1698 451 1779 scriptores
474 1719 516 1758 an
540 1699 571 1757 et
594 1695 701 1757 ludere
724 1695 858 1757 lectores
881 1694 961 1756 etin
983 1694 1153 1757 ludibrium
1169 1694 1300 1757 aliorum
1313 1697 1392 1756 arten

281 1811 423 1868 nostram
446 1826 572 1868 onmem
595 1804 742 1866 vertere?
785 1803 830 1866 Et
856 1807 891 1866 ut
919 1804 953 1866 in
980 1803 1051 1885 ipsa
1079 1804 1242 1866 sententia
1262 1823 1394 1867 moremur

281 1936 467 1997 parumper,
497 1936 687 1996 umquamne
716 1914 881 1997 quisquam
908 1913 1006 1976 fando
1034 1913 1191 1976 inaudivit
1219 1914 1268 1976 vel
1292 1911 1393 1976 facilia

281 2030 336 2087 aut
358 2025 518 2087 difficilius
541 2024 590 2086 vel
612 2023 760 2085 usitatius
783 2026 838 2086 aut
860 2023 1042 2086 inusitatius
1063 2044 1161 2086 verno
1176 2045 1271 2106 quam
1285 2023 1394 2085 hiberna

281 2139 423 2216 tempore
443 2134 608 2196 arboribus
631 2134 697 2195 sive
720 2131 870 2194 iniuriam
890 2133 959 2195 fieri
983 2133 1048 2195 sive
1071 2133 1202 2196 exitium
1225 2131 1347 2215 parari?

364 2245 507 2307 'l'ertiunr
540 2242 719 2325 exemplum
753 2242 987 2325 discrepantiae
1019 2241 1171 2305 metricae
1205 2242 1245 2305 ad
1274 2264 1308 2305 ea
1333 2261 1394 2323 quae

282 2355 489 2437 insequuntur
512 2353 661 2436 pertinet.
707 2351 770 2414 Vbi
800 2373 870 2414 cum
893 2357 948 2414 aut
970 2351 1052 2414 desit
1073 2351 1108 2414 in
1130 2351 1328 2435 antistropha
1348 2371 1394 2410 una
1456 2373 1457 2382 ¹

281 2464 404 2546 syllaba
432 2468 487 2525 aut
515 2463 549 2524 in
576 2462 707 2544 stropha
736 2461 907 2542 redundet,
935 2461 1002 2524 illio
1030 2460 1155 2544 quidem
1182 2461 1300 2543 aliquid
1320 2461 1394 2522 inter·
1456 2547 1457 2550 Ἴ

281 2573 395 2636 cidisse
428 2577 517 2635 ratus
545 2571 703 2654 Bergkius
738 2593 808 2633 cunr
842 2570 882 2633 ad
914 2569 1060 2633 Triclinii
1093 2571 1285 2652 scripturam
1315 2589 1395 2646 napa·

280 2685 465 2760 πεπταμένα
488 2681 582 2743 rediit
605 2681 697 2743 unius
717 2680 844 2743 litterae
860 2681 1040 2743 accessione
1057 2702 1243 2744 conversam
1258 2681 1292 2744 in
1306 2700 1396 2757 παριιι-
1456 2759 1457 2762 ¹

280 2793 478 2871 πεπταμένα,
501 2813 628 2873 prorsus
652 2813 717 2854 non
734 2790 933 2874 intellegitur
948 2790 1022 2873 quid
1037 2791 1167 2853 tandem
1190 2791 1277 2871 χερεῖ
1292 2788 1396 2853 nomin

279 2903 395 2984 l‘aciat,
425 2900 506 2984 quod
537 2900 663 2982 quidem
693 2923 763 2962 cum
793 2902 1008 2980 παράπτεεθαι
1036 2900 1124 2963 verbi
1151 2900 1322 2982 participio
1341 2918 1396 2960 cau-

280 3017 434 3073 sti-actum
467 3031 534 3072 csse
562 3009 671 3072 subtili
700 3010 816 3072 iudicio
844 3010 964 3092 primus
987 3008 1247 3073 Schneidewinus
1270 3006 1395 3093 persidit.

280 3123 399 3183 (lurtra
422 3120 456 3181 in
479 3119 640 3200 strophico
661 3141 751 3181 versu
774 3121 902 3182 subesse
924 3120 1037 3182 vitium
1058 3118 1217 3182 Personas
1239 3119 1396 3201 suspicatus

280 3251 317 3291 ex
348 3231 542 3294 εἰεαιέν·ρ
571 3251 603 3290 se
633 3229 778 3292 ellectum
807 3222 890 3294 αἰέν
919 3229 1091 3292 editoribus
1120 3232 1191 3311 post
1214 3250 1248 3292 se
1272 3227 1397 3292 omnibus
1456 3227 1457 3256 ³

279 3339 470 3401 mirabiliter
492 3333 649 3420 probavit.
695 3337 775 3412 Quid
799 3339 928 3402 autem?
954 3338 1068 3402 hocine
1097 3339 1175 3402 artis
1198 3343 1259 3421 est,
1289 3339 1322 3401 in
1341 3338 1396 3398 sim·
1456 3387 1457 3396 ,

279 3450 394 3530 plicenr
417 3454 449 3512 et
472 3448 583 3510 tritam
607 3471 677 3510 cunr
700 3448 835 3510 ferinam
857 3454 926 3510 turn
948 3449 1111 3511 notionem
1126 3451 1251 3511 mutare
1267 3449 1395 3511 rariorem
1456 3439 1457 3448 ’

278 3559 527 3640 fortioremque?
570 3557 814 3621 lteeordandum
841 3561 910 3622 erat
937 3559 1057 3640 potius,
1087 3558 1234 3642 quot-iens
1264 3557 1396 3642 pristinae
1456 3599 1457 3612 ,

346 3823 369 3886 ²³²)
389 3819 477 3886 [dilue
501 3818 722 3872 arn'crt'relrtlichc
746 3817 839 3874 suita
859 3821 903 3874 fiir
923 3819 966 3875 dic
985 3819 1044 3876 hier
1067 3821 1227 3890 gelbrdertc
1249 3819 1395 3882 *tendentur

278 3911 326 3964 des
344 3912 541 3966 tiberliclertcn
559 3913 701 3980 (ημαίνων
719 3913 747 3964 in
766 3916 914 3981 εημάντιιιρ
933 3915 1022 3968 bietet
1039 3916 1087 3969 der
1105 3915 1174 3970 Vers
1193 3917 1263 3971 Oed.
1277 3918 1336 3984 Tyr.
1352 3918 1395 3966 νιῑ.
1456 3917 1457 3922 ’

277 4021 319 4058 wo
343 4005 381 4057 iur
404 4007 491 4059 Texta
516 4005 564 4058 des
586 4005 788 4058 Laurentianus
812 4009 935 4074 (ημήναε
955 4009 1021 4061 oder
1040 4007 1173 4062 vielnrehr
1191 4013 1314 4076 εημάναε
1330 4006 1394 4059 steht

278 4098 346 4151 aber
364 4099 415 4150 mit
433 4099 482 4150 der
501 4098 599 4151 Glossc
617 4116 658 4165 γρ.
672 4101 830 4167 εημάντωρ,
849 4101 952 4154 welche
965 4101 1079 4154 lctztere
1091 4101 1189 4154 Lesart
1208 4102 1250 4154 als
1270 4102 1313 4154 die
1329 4095 1394 4151 alteia

277 4190 395 4258 richtige
414 4191 624 4259 naehgewiesen
642 4193 753 4244 worden
772 4191 808 4244 ist
825 4211 880 4246 uon
898 4196 929 4246 A.
948 4194 1046 4247 Nauck
1063 4194 1091 4246 in
1110 4194 1204 4248 diesen
1223 4192 1395 4248 Jahrbrtchern

278 4283 350 4335 olum
368 4303 394 4350 p.
411 4291 477 4337 llll)
504 4284 599 4337 Verba
617 4287 681 4336 sunt
699 4285 877 4352 Fleckeisen,
896 4287 995 4352 quibus
1014 4304 1158 4340 censuram
1177 4288 1287 4355 opellae
1303 4291 1395 4338 nestun·

278 4391 293 4424 a
314 4375 343 4426 lt.
366 4375 473 4440 {tapeta
494 4379 624 4446 scriptam
645 4381 718 4430 arrisit
738 4379 880 4431 Αιιιιιιίἰιιιιι
902 4397 1011 4432 suorum
1031 4379 1084 4432 vel.
1102 4387 1135 4433 85
1154 4383 1189 4446 (a.
1205 4383 1281 4438 1862)
1299 4397 1323 4447 p.
1340 4380 1393 4434 tii„
