2990 5140
457 331 576 392 nuova
598 331 815 378 1100100000.
1146 315 1206 378 185

72 507 138 548 1001
160 485 195 547 10
216 482 378 546 Plutarchi
400 485 462 546 vol.
485 482 513 546 V
536 506 568 567 p.
584 485 658 548 426.
705 483 752 546 De
774 483 974 547 librariorum
998 487 1105 546 autem
1127 482 1206 546 vitio

73 595 119 658 vel
142 594 240 657 codex
262 593 464 656 Monacensis
486 599 610 676 monet,
641 593 674 656 in
703 615 764 677 quo
787 597 836 656 est
857 595 939 674 πρὸ(
960 596 1037 658 τοὺ(
1059 614 1205 672 τετρακο-

74 707 169 769 ciouc:
204 725 394 787 quamquam
422 725 462 766 nc
493 703 553 767 hoc
586 703 712 786 quidem
745 704 823 766 satis
851 707 907 766 est.
959 703 1003 767 Et
1031 703 1204 784 evidenter,

74 813 144 897 quid
171 813 335 898 scripserit
356 811 534 896 Diogenes,
564 813 747 876 Aristotelis
776 813 971 896 comparatio
998 813 1100 877 docet.
1145 813 1206 887 Qui

76 947 141 989 cum
168 924 333 1007 scripsisse
361 923 400 986 ad
428 923 680 1007 quadringentos
708 924 806 986 libros
835 921 1039 1006 perhibeatur
1067 923 1101 986 in
1129 921 1206 986 Vita

74 1035 281 1118 Menagiana,
321 1033 451 1098 cessisse
484 1038 590 1097 autem
623 1033 782 1096 scribendi
813 1033 981 1096 fertilitate
1014 1031 1154 1116 Epicuro
1187 1055 1206 1095 a

75 1144 215 1229 Diogene
238 1144 377 1226 dicatio,
402 1164 467 1208 uon
489 1146 538 1206 est
553 1142 725 1206 verendum
746 1165 786 1206 ue
808 1142 1073 1206 inconsideratius
1088 1143 1113 1208 τ’
1129 1145 1206 1205 nota

75 1257 192 1318 mutata
215 1255 251 1318 in
278 1252 314 1335 φ’
335 1253 504 1336 pristinam
534 1253 724 1337 scripturam
747 1251 886 1337 Diogeni
913 1252 959 1316 sic
986 1251 1205 1317 restituamus:

76 1368 152 1445 πρὸ(
172 1367 249 1430 τοὺ(
271 1363 498 1429 πεντακοείουε
521 1363 590 1429 elci:
617 1362 745 1447 quando
767 1363 865 1446 ipsius
887 1361 1014 1446 quidem
1036 1361 1205 1445 Chrysippi

76 1475 167 1538 luisse
189 1474 412 1558 septingentos
434 1473 532 1537 libros
548 1473 661 1538 Suidas
675 1475 822 1536 testatur.
842 1509 876 1520 -
896 1472 985 1536 Licet
1008 1472 1107 1557 igitur
1121 1493 1207 1534 nune

76 1585 294 1665 πολυγράφων
310 1583 503 1648 Graecorum
525 1582 610 1646 hunc
632 1582 776 1646 ordinem
800 1581 993 1646 constituere
1015 1603 1032 1646 e
1054 1581 1207 1644 librorum

77 1693 274 1757 multitudine
295 1697 416 1777 aptum.
447 1691 583 1776 Scripsit
598 1691 752 1775 Didymus
774 1693 875 1774 βιβλία
894 1693 988 1774 aba),
1011 1691 1207 1786 origenem)

77 1803 226 1884 0112000,
252 1802 465 1867 Callimachus
487 1802 571 1866 ultra
593 1803 665 1885 800,
690 1801 895 1866 Aristarchus
916 1803 988 1884 800,
1013 1799 1207 1883 Chrysippus

77 1913 154 1976 ultra
169 1914 242 1994 700,
267 1912 423 1996 Epicurus
445 1913 486 1976 ad
508 1913 588 1995 600,
613 1912 822 1976 Aristoxenus
833 1912 912 1994 453,
937 1910 1152 1974 Clitomachus
1175 1913 1208 1972 et

78 2023 283 2105 Apollodorus
310 2021 486 2106 Epicureus
513 2022 598 2085 ultra
624 2023 697 2104 400,
722 2022 911 2086 Aristoteles
940 2021 980 2084 ad
1002 2021 1075 2102 400,
1106 2019 1207 2084 'Pheo-

79 2131 218 2213 phrastus
243 2132 422 2214 01100376,
445 2131 642 2196 Xenocrates
666 2132 851 2196 0110112151
879 2131 918 2194 de
941 2131 1118 2214 Speusippo
1140 2149 1206 2192 rem

79 2262 140 2304 esse
161 2242 318 2306 incertam
340 2241 477 2305 diximus
500 2265 531 2325 p.
551 2241 626 2306 132:
648 2241 867 2305 Democritum
890 2245 1013 2320 autem,
1038 2239 1207 2322 Xenopha-

80 2373 145 2414 nem
171 2357 203 2416 et
230 2351 391 2416 Zenonem
425 2351 485 2415 etsi
518 2351 683 2436 scripsisse
715 2352 836 2414 multa
869 2350 1064 2432 accepimuS,
1099 2352 1208 2412 tamen

80 2461 183 2543 quibus
212 2461 357 2546 singulos
390 2461 467 2526 locis
501 2465 574 2544 post
605 2461 812 2524 Aristotelem
845 2459 973 2544 quidem
1007 2458 1207 2539 collocemus,

79 2591 138 2632 non
158 2570 322 2636 habemus,
367 2571 517 2634 Fatemur
538 2575 647 2634 tamen
670 2577 851 2654 suspectum
873 2569 973 2633 videri
996 2569 1030 2632 in
1052 2567 1207 2652 Diogenis

81 2681 231 2762 prooemio
259 2651 452 2763 Ξενοῷάνηε
483 2703 610 2745 nomen.
669 2681 737 2744 Nec
768 2681 853 2744 enim
886 2679 975 2742 illum
1009 2677 1208 2762 potissimmn

82 2789 220 2854 credibile
245 2793 294 2854 est
314 2791 364 2853 vel
388 2791 429 2854 ab
445 2791 627 2855 Aristotelis
650 2789 809 2854 scribendi
831 2789 998 2852 fertilitate
1020 2793 1086 2850 tam
1110 2808 1208 2870 prope

82 2897 188 2964 afuisse
203 2901 256 2964 vel
270 2900 401 2964 omnino
416 2901 501 2964 inter
514 2901 746 2982 πολυγράφουε
762 2901 866 2963 100010
881 2897 1040 2962 habuisse.
1073 2895 1209 2978 Scripsit

83 3005 249 3093 Diogenes,
273 3010 336 3073 nisi
351 3010 508 3091 fallimur,
533 3011 744 3090 Ξενοκράτης.
782 3009 850 3083 (luo
867 3009 1020 3088 efficitur,
1044 3005 1208 3070 0100010-

83 3117 241 3182 criteorum
275 3119 445 3184 multitudo
476 3119 629 3183 librorum
662 3120 748 3182 intra
780 3120 843 3182 215
870 3122 901 3181 et
928 3117 992 3180 400
1018 3115 1206 3180 substiterit.

84 3226 126 3288 Ad
141 3227 368 3307 Xenocratem,
391 3229 478 3292 cuius
493 3229 621 3294 224000
636 3229 734 3308 (τίχοι
748 3228 891 3310 fuenuit,
915 3227 1057 3310 proxime
1073 3226 1206 3306 accedit,

83 3336 161 3400 cuius
184 3339 311 3404 170000
333 3337 401 3425 [aut
423 3339 520 3402 etiam
543 3337 642 3426 plusl,
666 3337 899 3422 Theopompus.

157 3448 187 3511 6.
215 3447 305 3523 Quod
328 3451 435 3512 autem
462 3447 496 3512 in
519 3447 732 3530 computanda
760 3447 913 3510 librorum
940 3444 1145 3509 multitudine.
1168 3444 1209 3506 al)

84 3575 139 3618 nno
169 3558 323 3640 scriptore
356 3557 513 3622 editorum
545 3559 646 3638 βιβλία
673 3557 809 3620 diximus
842 3577 908 3619 non
941 3576 1008 3618 esse
1041 3575 1122 3638 quae
1151 3575 1209 3617 nos
1228 3571 1257 3620 11

84 3663 178 3730 1110010
199 3687 295 3747 opera
316 3667 452 3731 solemus
459 3717 468 3749 ,
498 3665 553 3730 sed
576 3667 718 3751 singurlos
746 3666 851 3748 potius
873 3669 980 3748 partes
1002 3663 1114 3726 talium
1136 3686 1209 3746 ope-

84 3793 145 3838 rum
160 3775 503 3860 (Buclrahtlrcilanpeu),
527 3776 558 3839 id
582 3777 677 3859 plane
697 3775 888 3858 perspicitur
903 3795 919 3837 e
935 3772 1090 3856 Diogenis
1105 3773 1208 3836 verbis

84 3881 136 3964 ΠΙ,
162 3886 212 3949 57.
263 3884 325 3948 Vbi
355 3885 542 3950 Sermonum
570 3884 807 3949 Platonicomm
835 3883 881 3946 ait
908 3905 977 3946 esse
1006 3884 1209 3961 τετραλογία(

87 4003 246 4014 ———.—

144 4061 167 4126 *)
191 4059 259 4114 Cum
277 4061 423 4130 Origene
451 4081 466 4116 c
490 4062 582 4116 latinia
611 4063 791 4130 scriptoribus
814 4078 897 4113 uuum
925 4075 1008 4126 quem
1031 4061 1210 4125 componeret

85 4149 259 4208 Varronem
272 4151 369 4208 habuit
380 4155 494 4208 Rufinus
507 4155 553 4208 lib.
569 4156 594 4208 ll
607 4157 703 4208 contra
715 4153 873 4222 llieronyrn.
887 4150 961 4220 apud
974 4149 1093 4205 lensium
1106 4167 1132 4218 p.
1149 4155 1208 4204 lor:

86 4249 239 4300 videlisset!
258 4251 369 4302 Graecos
390 4255 533 4315 perderet
553 4253 659 4302 Latinos
681 4253 753 4300 einins
775 4251 862 4300 labore
882 4249 1035 4312 sirperatoa?
1071 4241 1209 4310 [Ceterum

86 4334 126 4386 adi
146 4337 285 4393 doctrinae
308 4339 401 4409 copias
417 4339 505 4394 Maur.
524 4339 668 4394 Schmidtii
686 4339 713 4392 iu
738 4338 865 4408 ‘Didymi
882 4335 973 4390 Chalc.
993 4337 1104 4403 fragm)
1127 4355 1153 4404 p.
1174 4337 1208 4404 7.]
