2952 5132
391 425 392 434 ρ
420 367 539 418 enavit
568 365 827 420 someroaravs.
1133 346 1195 414 451

72 526 219 604 νεώτερον
245 523 422 608 intellegit:
450 527 565 587 neuter
592 522 769 586 rationibus
797 521 948 605 expositis
971 541 1047 584 snae
1069 523 1195 584 senten·

71 634 137 718 tiae,
159 615 269 718 quibirs
284 633 361 718 quid
376 637 432 698 aut
445 633 646 717 Philippensi
669 635 725 696 aut
744 631 875 695 Tabeno
896 631 988 694 fieret
1010 629 1193 715 explicaret.

71 741 192 826 Propior
213 746 319 808 sutem
341 743 381 808 ad
396 743 566 808 veritatem
581 741 789 826 Wesselingii
811 762 922 806 sensus
943 740 1021 804 fuit:
1044 739 1127 824 quod
1149 739 1196 802 ita

71 852 137 916 licet
157 854 357 937 confirmare,
387 857 423 918 ut
448 855 588 938 nequeat
617 854 728 916 contra
756 851 829 916 diei.
875 851 971 935 Apud
998 849 1197 933 Stephanum

70 962 145 1026 enim
165 961 355 1047 Byzantium
378 965 458 1028 haec
479 963 631 1048 leguntur
644 985 674 1027 v.
693 962 806 1044 Τάβαιε
829 963 922 1027 πόλις
943 961 1073 1027 Λυδίας·
1097 1011 1103 1026 .
1126 1011 1133 1024 .
1156 1010 1163 1024 .
1187 1011 1193 1024 .

70 1073 96 1136 οἱ
114 1074 146 1138 δέ
167 1095 242 1154 φαςι
263 1076 321 1140 τὸν
346 1075 481 1155 Κιβύραν
504 1075 554 1138 καί
576 1073 730 1154 Μαρςύαν
752 1072 917 1154 ἀδελφοὺς
938 1073 996 1138 τὸν
1019 1073 1076 1151 μὲν
1097 1070 1230 1136 κτίςαι4

71 1182 193 1263 Κιβύραν
214 1184 321 1264 πόλιν,
347 1186 405 1249 τὸν
428 1185 464 1249 δὲ
487 1185 592 1264 Τάβας
614 1205 641 1246 a.
665 1205 696 1266 q.
720 1205 758 1266 a,
788 1181 896 1266 paullo
924 1185 1030 1246 autem
1052 1184 1140 1265 post:
1177 1180 1196 1244 ὁ

69 1291 187 1373 πολίτης
207 1295 363 1376 Ταβηνός.
407 1291 501 1356 Vnde
529 1291 715 1377 planissime
738 1294 873 1376 apparet
895 1291 999 1356 deleto
1021 1290 1103 1375 apud
1128 1288 1197 1354 sui-

69 1400 134 1464 dam
153 1403 247 1466 tertio
268 1403 433 1486 ἱςτορικός,
458 1401 541 1486 quod
564 1425 581 1466 a
604 1402 766 1487 superiore
788 1423 882 1467 versu
903 1401 965 1466 huc
987 1400 1116 1482 invasit,
1142 1404 1198 1464 aut

68 1509 129 1574 loco
153 1513 300 1596 pellenda
328 1535 396 1578 esse
425 1513 576 1593 Mopcioc
604 1513 738 1593 Μάρςου
765 1511 928 1594 Ταβηνός,
962 1511 1028 1576 sive
1056 1531 1094 1574 ee
1124 1511 1197 1594 post

68 1619 208 1686 librorum
228 1622 369 1688 indicem
390 1622 608 1707 Philippensis
630 1623 778 1707 Marsyae
806 1623 847 1686 eb
874 1621 944 1706 ipso
966 1620 1064 1686 Suide
1092 1620 1196 1704 posita

69 1729 200 1815 fuenmt,
229 1733 296 1810 sive
324 1733 416 1798 illata
443 1735 534 1817 sunt,
568 1732 601 1798 id
623 1734 708 1816 quod
731 1733 798 1797 veri
820 1754 889 1796 ease
911 1732 1053 1796 omnium
1075 1730 1197 1796 similli-

69 1860 144 1904 mum
163 1846 328 1926 putamus,
361 1865 399 1908 ex
427 1842 590 1927 adscripta
617 1843 652 1906 in
674 1843 821 1928 margine
842 1843 1025 1908 notatione:
1061 1846 1117 1908 aut
1139 1842 1197 1906 eis·

69 1948 130 2014 dem
150 1974 204 2017 suo
226 1953 263 2018 in
284 1953 354 2018 loco
376 1953 511 2018 servatis
533 1953 580 2018 sic
595 1974 663 2018 esse
679 1951 882 2018 scribendum
897 1953 1002 2017 dicam
1023 1976 1066 2018 an
1087 1953 1198 2018 luden-

69 2057 147 2125 dum:
177 2063 330 2144 Μαρςιίας
353 2065 569 2148 Κριτοφήμοα,
594 2064 781 2140 Φιλιππεύς,
804 2065 958 2144 ἱςτορικὸς
980 2065 999 2130 ὁ
1022 2065 1196 2146 νεώτερος·

69 2169 165 2248 ἔτερος
186 2173 250 2258 (δὲ)
275 2174 427 2255 Μαρςύας
450 2173 592 2254 Μάρςου,
615 2173 769 2254 Ταβηνός.
798 2175 941 2255 ἔγραψεν
967 2173 1196 2255 ἀρχαιολογίαν

69 2328 125 2344 ...
146 2331 153 2346 .
174 2284 223 2347 καὶ
246 2283 339 2363 ἕτερά
360 2305 432 2350 τινα
453 2285 526 2364 περὶ
543 2287 600 2362 τῆς
614 2283 693 2348 ίδίας
708 2284 871 2365 πατρίδος,
894 2284 955 2348 hoo
971 2286 1019 2348 est
1041 2285 1080 2347 de
1102 2285 1195 2348 rebus

68 2387 281 2458 Macedonicis.
316 2392 402 2458 Nam
417 2394 581 2476 Φίλιπποι,
604 2415 646 2458 ne
668 2393 739 2477 quis
760 2396 855 2476 erret,
879 2395 971 2459 πόλις
994 2394 1196 2460 Μακεδονίας

69 2501 110 2562 est
128 2500 226 2566 eidem
250 2501 425 2586 Stephano.
457 2501 519 2568 Sed
542 2523 580 2566 ex
602 2503 764 2568 Eudociaa
786 2525 863 2568 sane
885 2503 991 2569 verbis
1013 2503 1091 2568 illud
1113 2525 1197 2568 asse·

69 2609 114 2689 qui
132 2632 222 2676 nemo
250 2611 347 2676 facila
374 2616 540 2697 potuerat,
574 2635 656 2696 quac
683 2613 804 2678 Pellaei
833 2613 960 2697 scriptis
989 2635 1060 2678 cum
1088 2614 1196 2680 imme-

68 2719 200 2784 morabili
228 2721 446 2807 discrepantia
474 2723 668 2788 enumeratis
696 2723 743 2788 sio
769 2723 878 2808 pergit
904 2747 935 2808 p.
965 2723 1043 2789 298:
1080 2725 1135 2791 είςί
1161 2727 1197 2791 δὲ

68 2828 110 2891 καὶ
128 2828 217 2898 ἄλλοι
240 2833 300 2898 δύο
322 2833 487 2914 λςτοριιιοὶ,
517 2833 536 2898 ὁ
559 2835 615 2913 μὲν
646 2835 849 2916 Κριτοφήμον
877 2835 1052 2901 Φιλιππεὺς
1074 2836 1094 2900 ὁ
1115 2836 1196 2901 νεώ-

67 2957 163 3020 τερος,
192 2941 270 3008 δδὲ
299 2944 432 3023 Μάρςου
460 2944 621 3023 Ταβηνὸς,
655 2943 692 3008 ὃς
717 2944 768 3008 καί
796 2943 1026 3025 ἀρχαιολογίαν
1054 2945 1196 3026 ἔγραψεν

69 3065 91 3108 e.
112 3071 140 3132 q.
161 3071 186 3114 s.

141 3158 229 3225 Licet
261 3164 368 3226 autem
401 3183 488 3226 nunc
520 3161 654 3226 ulterius
685 3162 836 3248 progredi
870 3165 902 3228 et
936 3185 1019 3248 quae
1051 3167 1197 3249 tempora

67 3261 191 3352 fuerint,
220 3272 305 3354 quod
333 3272 419 3336 vitae
441 3293 544 3356 genus
566 3271 730 3356 utriusque
753 3273 933 3357 scriptoris,
967 3275 1021 3358 qui
1044 3275 1194 3359 ambitus,

67 3395 137 3456 quae
157 3377 323 3464 dispositio
345 3385 377 3444 et
398 3381 477 3446 fides
499 3381 662 3465 utriusque
684 3379 974 3466 Macedonicorum,
999 3406 1079 3468 quae
1101 3386 1196 3448 vasti·

67 3483 114 3562 gia
134 3487 268 3554 aliorum
289 3490 443 3555 librorum
465 3492 507 3555 ab
530 3491 574 3554 eia
597 3491 770 3574 editorum,
805 3491 911 3577 aliqua
935 3496 1020 3557 certe
1042 3516 1081 3557 ex
1103 3497 1195 3577 perte

61 3577 111 3656 ¹vel
136 3603 395 3683 argumentorum
422 3600 615 3665 necessitate
643 3621 757 3686 cogere
783 3601 834 3664 vel
862 3623 971 3667 eruere
994 3601 1196 3668 coniecturae

67 3705 293 3782 probabilitate.
339 3709 378 3775 ln
400 3732 464 3794 qua
486 3731 583 3794 opera
605 3709 652 3774 ita
674 3710 888 3794 versabimur,
917 3714 954 3776 ut
981 3711 1041 3776 hoc
1069 3713 1104 3776 in
1126 3714 1196 3779 loco

67 3831 163 3880 comm
191 3839 348 3882 summam
376 3818 696 3904 comprehendamus,
731 3841 812 3904 quse
839 3843 878 3884 ex
905 3823 1110 3904 pertractatis
1132 3825 1196 3887 sin-

67 3923 141 4002 gulis
166 3926 233 3992 sire
259 3927 451 4014 fragmentis
479 3929 546 3993 sive
571 3928 764 3994 testimoniis
792 3951 860 3994 esse
886 3932 1084 3994 consectaria
1107 3931 1196 3995 dein·

68 4049 132 4112 ceps
163 4035 460 4103 demonstrabimus.
515 4037 565 4103 Ea
598 4041 721 4121 autem,
761 4039 787 4102 si
828 4043 914 4103 recte
946 4039 1195 4123 numeravimus,

68 4147 184 4219 praeter
216 4145 346 4211 Suidam
382 4151 415 4210 et
450 4147 626 4212 Eudociam
664 4147 699 4210 in
731 4151 800 4210 tota
838 4148 1029 4230 antiquitate
1066 4153 1197 4214 exstant

68 4244 180 4336 XXVI,
205 4258 237 4320 et
259 4254 305 4318 lx
337 4256 480 4340 quidem,
514 4259 670 4340 quantum
704 4255 898 4340 colligimus,
932 4256 1128 4340 pertinentia
1156 4261 1197 4324 ad

69 4352 235 4446 Pellaeum,
274 4363 315 4426 ad
345 4365 586 4450 Philippensem
619 4365 782 4449 Marsyam
818 4365 938 4448 reliqua
974 4365 1024 4428 vel
1056 4369 1198 4434 maxima

924 4465 991 4530 29*
