2942 5134
450 405 591 454 ruasrcr
615 406 763 454 asrarn.
1116 389 1177 454 427

57 559 132 622 iutra
153 559 243 623 unius
264 561 382 622 mensis
408 560 547 642 spatium
569 563 602 623 et
624 560 770 644 componi
792 560 935 624 fabulam
958 559 1096 642 potuisse
1119 559 1179 622 ele-

57 669 265 751 gantissimam
287 673 320 733 et
341 669 447 734 doceri
474 669 646 734 histriones
669 673 700 733 et
723 671 889 734 choreutas
912 669 1038 734 institui
1061 673 1093 733 et
1114 689 1179 733 om-

56 800 120 842 nem
141 779 253 842 instrui
276 783 466 864 apparatum
488 779 716 865 scaenicum.*)
760 779 864 856 Quid?
885 779 968 864 quod
991 779 1056 843 veri
1078 779 1179 842 multo

57 887 125 952 adeo
144 888 276 952 similius
298 893 347 952 est
367 889 537 954 recitatam
557 893 684 954 tantum
705 911 772 955 esse
788 889 953 973 Sophoclis
968 889 1178 974 tragoediam,
1200 899 1230 947 16

56 997 291 1064 Anthesterione
312 1021 439 1064 mense:
482 1000 521 1065 de
544 1023 606 1084 quo
628 1021 745 1085 genere
769 999 978 1064 certaminum
1000 999 1179 1064 Boeckhius

56 1108 188 1190 esposuit
210 1130 322 1173 comm.
347 1110 386 1174 de
406 1110 498 1174 festis
521 1109 689 1174 Bacchicis
717 1115 736 1190 ξ
759 1112 812 1174 21.
857 1110 968 1194 Itaque
995 1132 1061 1174 non
1088 1109 1179 1173 video

56 1217 120 1298 quid
141 1219 182 1282 sit
203 1219 372 1303 relicuum,
407 1220 469 1284 nisi
497 1223 533 1282 ut
559 1222 718 1284 mortuum
741 1219 929 1304 Sophoclem
957 1241 1025 1283 esse
1053 1239 1179 1283 censea-

55 1347 115 1390 mus
145 1329 283 1393 secundo
309 1331 350 1394 ol.
379 1329 485 1395 XCIII
518 1353 618 1394 anno:
656 1330 738 1414 quod
771 1330 831 1394 etsi
863 1329 1025 1394 Boeckhio
1058 1349 1180 1414 quoque

56 1437 145 1500 visum
172 1443 222 1502 est
244 1439 266 1504 l.
290 1462 316 1504 c.
340 1463 373 1523 p.
397 1440 436 1504 97
465 1440 539 1504 adn.
571 1439 632 1503 120
654 1443 686 1503 at
712 1463 745 1523 p.
772 1441 831 1505 103
859 1439 933 1503 adn.
964 1440 1040 1522 145,
1070 1443 1180 1503 tamen

56 1545 123 1610 adeo
158 1553 319 1634 repugnat
358 1551 520 1615 constanti
552 1549 807 1614 testimoniorum
842 1549 1029 1632 memoriae,
1067 1549 1180 1632 quibus

57 1653 211 1739 Sophoclis
234 1659 338 1723 obitus
361 1660 401 1722 ad
424 1661 465 1724 ol.
490 1659 613 1742 XCIII,
637 1661 657 1725 3
679 1661 826 1742 refertur,
850 1663 885 1723 ut
907 1659 981 1744 quid
1003 1658 1064 1723 hac
1086 1659 1125 1722 de
1147 1679 1181 1723 re

56 1767 247 1832 statuendum
287 1770 344 1853 sit,
382 1770 474 1835 valde
512 1769 644 1834 fluctuet
676 1769 835 1834 iudicium.
881 1771 1079 1853 Quamquam
1115 1791 1181 1832 non

56 1875 126 1940 nihil
146 1876 382 1962 discrepantiae
409 1880 507 1944 fuisse
534 1883 677 1944 aetenam
699 1881 797 1944 edam
818 1879 857 1944 de
879 1879 1045 1964 Sophoclis
1067 1881 1179 1962 morte,

56 1985 113 2050 eius
133 1989 338 2072 grammatici
359 1990 465 2055 verbis
487 1989 634 2074 arguitur
656 1990 709 2074 qui
725 1991 839 2074 Oedipi
858 1989 990 2056 Colonei
1011 2011 1180 2076 argumen-

55 2100 112 2160 tum
134 2099 263 2182 scripsit
284 2100 325 2163 ab
347 2099 500 2165 Elmsleio
523 2099 643 2163 editum
665 2121 703 2163 ex
727 2101 833 2166 codice
848 2101 1079 2164 Laurentiano:
1104 2102 1180 2165 Καλ-

56 2205 130 2286 λίου,
162 2209 222 2289 ἐφ’
250 2209 290 2274 οὗ
322 2231 417 2291 φασιν
447 2211 482 2275 ol
514 2214 677 2278 πλείου(
704 2213 762 2277 τὸν
791 2213 958 2292 (apustio
989 2213 1179 2292 τελευτῆεαι,

55 2337 124 2397 quae
151 2318 262 2382 nescio
294 2341 337 2383 an
364 2320 399 2384 in
426 2321 513 2384 illam
547 2327 672 2406 partem
703 2319 892 2406 explicanda
924 2321 1000 2385 sint.
1045 2318 1181 2384 Accedit

56 2427 149 2490 autem
171 2428 259 2492 aliud
281 2429 440 2512 quiddam.
471 2431 602 2496 Etenim
625 2431 797 2516 Sophocles
819 2431 845 2494 si
867 2433 1009 2495 mortuus
1030 2429 1073 2494 sit
1095 2451 1181 2492 anno

55 2533 144 2601 altero
165 2539 206 2602 ol.
232 2537 348 2622 XCIII,
373 2539 483 2605 eodem
500 2542 703 2626 consequitur
724 2541 840 2606 obiisse
855 2541 1051 2625 Euripidem,
1074 2543 1111 2604 ut
1133 2543 1181 2604 est

56 2643 84 2708 in
108 2644 266 2714 Marmore
293 2649 404 2734 Pario,
434 2651 508 2736 quia
530 2651 677 2736 Euripidi
705 2652 907 2737 superstitem
935 2649 1034 2717 fuisse
1062 2649 1180 2734 Sopho·

80 2829 246 2838 -——-..-—-

113 2927 135 2993 *l
158 2927 210 2995 [De
233 2929 287 2981 hac
307 2930 550 2998 argumentatione
573 2931 662 2998 deque
685 2931 781 2984 mortis
804 2933 930 3000 tempore
958 2947 1019 2983 cum
1042 2927 1180 2997 Euripidis

55 3021 105 3068 turn
123 3016 267 3088 Sophoclis
284 3021 367 3089 plane
386 3021 585 3077 assentientem
597 3025 695 3078 nactus
708 3042 769 3077 sum
780 3022 986 3076 Boechhium
1004 3021 1083 3090 Corp.
1098 3021 1179 3074 inser.

55 3125 89 3174 gr.
102 3111 125 3164 11
136 3129 162 3181 p.
177 3119 237 3178 342,
255 3108 495 3169 Clintonianai
514 3115 636 3170 rationes
654 3134 681 3185 p.
695 3121 794 3170 81-91
814 3116 856 3170 ed.
874 3115 976 3182 Krucg.
997 3131 1046 3168 suo
1063 3113 1122 3168 iure
1140 3131 1180 3168 re·

54 3199 173 3258 icieutem
185 3207 218 3260 nt
229 3223 342 3275 prorsus
355 3207 537 3263 abhorrentes
550 3227 568 3263 a
579 3226 658 3264 vero:
676 3208 805 3276 idemque
818 3206 905 3263 secuti
917 3209 982 3261 sunt
994 3207 1023 3261 C.
1037 3208 1069 3262 O.
1082 3208 1181 3261 Muel-

54 3294 137 3350 lerus
158 3299 231 3354 Hist.
251 3298 303 3354 nu.
329 3317 369 3370 gr.
389 3301 415 3354 11
432 3319 459 3370 p.
481 3309 537 3357 1113.
559 3307 619 3369 119,
643 3302 672 3356 C.
691 3301 721 3356 l'.
740 3303 951 3357 Hermannus
976 3299 1006 3353 in
1028 3300 1181 3354 Annalibus

56 3387 106 3441 crit.
123 3390 347 3448 Berolincnsibus
365 3411 389 3448 a.
407 3399 472 3450 1813
489 3413 525 3449 m.
543 3395 609 3465 Apr.
629 3413 656 3465 p.
670 3400 719 3450 141
732 3411 783 3462 sq,
801 3395 835 3450 de
852 3393 983 3463 Euripide
1002 3392 1087 3448 etiam
1103 3393 1181 3447 Har-

54 3482 169 3552 tungua
188 3484 338 3554 ‘Euripidis
356 3486 488 3542 restituti’
506 3491 527 3545 t.
545 3489 572 3542 II
589 3506 616 3558 p.
635 3493 683 3542 sul
703 3505 762 3556 sqq.
788 3487 846 3542 Nec
862 3487 898 3542 ab
915 3487 964 3541 illa
981 3503 1026 3540 ma
1044 3484 1182 3540 sententia

55 3573 174 3632 diradare
191 3580 355 3648 potuenmt,
378 3596 449 3647 quae
472 3581 508 3635 ab
526 3581 588 3636 aliis
606 3581 863 3650 contrassdispuuu
884 3579 952 3647 vidi,
974 3579 1078 3650 partim
1095 3577 1182 3633 consi·

55 3665 142 3724 derata
158 3669 409 3742 intellegenterque
425 3673 619 3740 iudicantibus,
637 3674 740 3744 purtim
758 3673 827 3728 miro
845 3671 968 3742 fingendi
979 3673 1182 3742 argutandiqne

55 3761 161 3818 mucia
182 3763 404 3834 indulgentibus:
435 3783 451 3822 e
474 3767 572 3834 quibus
595 3767 707 3822 honoris
730 3785 828 3822 caussa
850 3767 967 3836 designo
985 3766 1059 3821 vitas
1078 3765 1182 3836 Sopho·

55 3852 122 3909 eleae
140 3856 290 3927 scriptores
307 3859 514 3914 Ferdinandum
532 3859 743 3915 Schultzium
761 3861 862 3926 (Berol.
875 3877 900 3914 a.
915 3863 991 3926 1836)
1008 3878 1035 3929 p.
1051 3865 1098 3914 15³
1112 3875 1182 3926 sqq,

55 3945 224 4003 Theodorum
246 3951 429 4021 Bergkium
451 3952 503 4020 (ed.
528 3953 602 4024 hips.
626 3971 650 4008 a.
677 3957 752 4021 18118)
778 3971 804 4022 p.
829 3953 892 4006 XXI
914 3969 989 4020 sqq,
1016 3951 1181 4007 Guilelmum

56 4037 262 4096 Dindcrfium
281 4045 332 4111 (ed.
349 4045 474 4101 Omna.
492 4051 556 4102 1860
568 4047 620 4101 vol.
634 4045 709 4114 VIII)
728 4063 755 4115 p.
766 4046 816 4100 XX
835 4063 909 4114 sqq.;
927 4075 960 4084 —
978 4043 1181 4098 Ferdinandnm

56 4131 215 4188 ltanlriuru
225 4135 254 4188 in
266 4136 324 4192 vita
334 4137 529 4208 Aristophanis
542 4142 577 4208 (a.
593 4143 668 4198 lesui
680 4158 705 4209 p.
719 4139 869 4204 CCLXXII,
881 4135 1039 4206 Adolphum
1051 4135 1181 4190 Schoel·

56 4223 128 4280 lium
146 4226 328 4298 ‘Sopholslea
347 4231 405 4286 sein
423 4231 517 4288 Leben
535 4233 592 4286 und
609 4232 739 4287 Wirhen’
763 4235 799 4289 (a.
820 4235 895 4300 1842)
916 4249 942 4300 p.
963 4235 1012 4284 359
1031 4245 1090 4296 sqq.
1127 4227 1181 4282 Ali·

56 4317 115 4383 quid
135 4321 235 4374 harum
257 4339 347 4376 rerum
369 4324 466 4394 attigit
487 4326 573 4381 etium
598 4325 808 4380 Eritzschius
835 4324 909 4394 apud
936 4323 967 4378 G.
992 4322 1181 4379 Hermannum

56 4408 147 4479 Opusc.
166 4413 193 4468 V
211 4433 237 4484 p.
256 4421 305 4470 103
322 4417 396 4486 adn]
