2954 5134
290 324 355 388 590
668 341 715 387 mr
738 342 808 389 ouo
832 343 876 388 nr
899 341 1041 390 omonn.

291 493 434 555 Marinus
462 493 496 555 in
525 493 592 556 vita
619 493 725 556 Procli
756 495 863 577 (quem
891 498 1004 557 natum
1027 497 1154 557 constat
1176 517 1206 557 a.
1235 494 1395 564 ccccxlii.

290 602 336 665 sic
358 604 537 686 perscripta
561 625 630 686 cap.
655 603 688 667 8:
713 603 861 684 ἐφοίτητε
884 606 920 669 δὲ
942 606 993 668 καὶ
1015 605 1058 670 εἰ(
1080 610 1293 685 γραμματικοῦ
1313 606 1396 684 Ὠρίυ-

290 734 365 792 νοτ,
394 714 431 777 ὃ(
459 712 498 791 ἦν
527 714 562 776 ἐκ
591 718 649 777 τοῦ
672 715 753 792 παρ’
776 713 954 789 Αἰγυπτίοις
977 714 1135 794 ἱερατικοῦ
1157 718 1272 792 γένουτ
1292 716 1396 790 καταγό·

289 843 385 900 μενοι
412 825 462 886 καὶ
489 825 622 903 μετρὶωτ
651 825 690 888 τὰ
712 827 768 901 τῆ(
794 825 907 902 τέχνη(
936 825 1183 904 ἐπετκεμμένοτ,
1215 826 1313 890 οὕτυιι
1338 827 1396 888 ecc

289 936 339 996 καὶ
368 935 589 1011 τυγγράμματα
618 934 733 997 ἑαυτοῦ
760 933 824 997 ἴδια
852 935 1024 1012 ἐκπονῆιαι
1051 937 1101 999 καὶ
1129 939 1197 999 τοῖς
1219 937 1287 1014 μεθ’
1306 935 1396 998 ἑαυτὸν

289 1044 420 1122 χρήτιμοι
442 1047 637 1110 καταλιπεῖντ
661 1044 696 1106 in
719 1043 832 1126 quilius
855 1044 963 1106 nescio
978 1043 1054 1127 quid
1072 1044 1271 1108 stomachum
1291 1045 1397 1107 moverit

289 1152 470 1215 Muetzellio
485 1152 524 1214 de
541 1153 663 1217 emend.
681 1153 887 1236 Theogoniae
902 1153 1081 1217 Hesiodeae
1101 1177 1133 1237 p.
1150 1155 1223 1218 321.
1259 1153 1397 1217 Praeclare

255 1274 270 1321 8
290 1284 360 1325 cum
383 1261 464 1344 quod
488 1261 526 1324 de
548 1283 666 1345 genere
689 1262 817 1327 Orionis
840 1267 1042 1346 memoratur,
1067 1264 1101 1326 in
1116 1263 1304 1328 Thebanum
1325 1263 1397 1332 cadit,

287 1375 355 1434 lum
378 1371 460 1455 quod
483 1371 522 1434 de
544 1372 635 1434 libris
658 1372 698 1434 ad
721 1376 863 1456 posteros
886 1373 1035 1457 proditis:
1059 1373 1311 1456 quandoquidem
1330 1393 1398 1456 prae

286 1485 336 1544 ter
363 1480 569 1566 Florilegium
598 1482 695 1544 etiam
724 1481 981 1567 Etymologicum
1015 1483 1055 1546 ed
1083 1471 1219 1546 eundem
1247 1483 1398 1546 rettulimus

288 1595 458 1654 auctorem.
504 1591 550 1654 Vt
577 1592 768 1655 mirabiliter
794 1592 975 1672 Fabricius,
1005 1596 1175 1676 postquam
1202 1594 1238 1656 in
1265 1593 1398 1655 Marinum

287 1702 365 1765 scite
394 1703 439 1764 sic
470 1705 701 1765 commentatus
729 1707 799 1765 erat
825 1725 857 1784 p.
882 1703 923 1766 82
955 1701 1074 1766 Boiss.:
1111 1709 1162 1768 ln'c
1189 1715 1233 1767 est
1253 1725 1333 1782 quera
1348 1705 1398 1777 [re

286 1823 412 1890 quemcr
433 1819 540 1874 lmcclet
561 1819 692 1890 scriptor
713 1819 820 1890 κουραί
841 1818 1054 1895 Erymolopici,
1086 1813 1222 1876 ermdem
1250 1819 1281 1876 et
1302 1835 1319 1874 a
1338 1810 1399 1874 The·
1459 1869 1460 1872 ,

287 1922 370 1984 buno
398 1926 429 1984 et
458 1922 499 1985 ab
526 1921 745 1985 Alexandrino
773 1943 901 2004 prorsus
929 1919 1091 1986 discernat
1118 1923 1154 1985 in
1182 1922 1266 1986 Bibl.
1293 1944 1337 2007 gr.
1366 1918 1399 1980 ll
1459 1925 1460 1962 ¹

286 2054 317 2114 p.
339 2033 402 2096 374
424 2031 515 2094 Harl.
554 2032 770 2095 Alexandriae
793 2036 909 2113 autem,
934 2033 987 2095 ubi
1010 2031 1178 2095 institutus
1202 2054 1269 2096 esse
1290 2030 1398 2095 Proclm
1459 2065 1460 2078 ι

286 2145 450 2224 narratur,
485 2142 650 2225 probabile
673 2147 721 2205 est
743 2142 830 2224 prius
853 2143 1004 2205 Orionem
1028 2143 1207 2225 professum
1229 2164 1295 2205 esse
1316 2161 1400 2224 grom—
1459 2121 1460 2194 ¹

285 2253 447 2334 maticam,
471 2273 566 2335 quam
583 2253 771 2316 Caesaream
795 2274 828 2314 se
852 2255 1060 2315 converteret.
1107 2251 1255 2317 Ceterum
1278 2252 1314 2314 de
1334 2249 1398 2330 Cap·
1459 2329 1460 2342 χ

285 2362 436 2446 padociae
460 2363 537 2426 urbe
561 2363 765 2426 celeberrima
788 2367 873 2425 recte
897 2362 1053 2446 cogitavit
1074 2361 1261 2444 Larcherus,
1285 2365 1319 2424 nt
1338 2379 1400 2442 quac
1459 2427 1460 2432 γ

285 2495 322 2535 ex
351 2474 395 2535 eis
428 2473 540 2554 fuerit,
574 2474 608 2536 in
642 2473 753 2554 quibus
787 2473 959 2555 praecipua
992 2472 1148 2556 quaedam
1181 2473 1350 2535 rhetoricae
1376 2474 1400 2527 el
1459 2469 1460 2556 ¹

284 2583 514 2671 gramma-liene
543 2582 621 2644 artis
650 2583 739 2644 sedes
769 2583 943 2645 constituta
970 2583 1042 2645 fuit.
1088 2582 1181 2661 Vide,
1212 2583 1238 2644 si
1261 2581 1339 2644 tanti
1358 2579 1398 2640 sil.
1459 2599 1460 2604 ’

284 2693 500 2756 Schlosserum
523 2699 559 2754 dc
582 2699 706 2778 Graecis
722 2697 838 2755 Iuliam·
861 2695 1077 2771 Tlreodose'e'qne
1099 2705 1232 2772 tempore
1251 2699 1399 2755 litterarum
1459 2677 1460 2718 ¹

284 2808 534 2878 receiversilnlibus,
570 2809 726 2878 studiosis,
755 2807 980 2882 professoribus
1011 2802 1104 2866 docte
1137 2803 1347 2886 disputantem
1375 2799 1398 2857 in

284 2913 407 2976 Horreo
423 2912 496 2975 hist.
515 2916 547 2975 et
563 2913 624 2975 litt.
643 2913 683 2975 ab
706 2912 774 2996 ipso
791 2916 823 2974 et
839 2912 988 2975 Berchtio
1011 2912 1096 2975 edito
1119 2914 1182 2976 vol.
1199 2913 1260 2996 Ip.
1277 2912 1333 2974 211
1345 2931 1396 2989 sqq.
1459 2927 1460 2996 ᾗ

285 3022 346 3085 Sed
369 3027 544 3105 praeterea,
569 3028 604 3085 nt
626 3024 796 3086 mobilibus
819 3024 893 3085 illae
917 3026 1022 3086 aetate
1045 3022 1216 3085 domiciliis
1237 3019 1342 3105 vagari
1363 3037 1397 3077 se

283 3131 408 3214 phistae
432 3138 678 3214 consueverant,
704 3134 800 3195 etiam
823 3132 972 3215 Byzantii
995 3133 1111 3195 vixerit
1132 3135 1269 3214 oportet,
1292 3125 1398 3212 qnando

283 3243 351 3324 ipsa
374 3241 515 3305 Eudociu
542 3245 688 3326 Augusta
717 3264 774 3325 per
802 3242 927 3325 aliquod
956 3247 1081 3325 tempus
1109 3264 1181 3304 enm
1210 3241 1330 3304 audisse
1350 3246 1396 3296 lm-
1459 3261 1460 3274 ι

282 3351 366 3414 ditur
389 3375 406 3412 a
430 3351 545 3414 'l‘zetza
569 3352 650 3416 Ohil.
676 3352 715 3429 X,
740 3354 779 3415 ol
803 3375 870 3434 sqq.
896 3352 995 3436 (Hist.
1020 3353 1112 3438 3oss):

429 3505 473 3568 ὥτ
497 3527 560 3568 που
583 3507 672 3582 καὶὴ
697 3506 851 3584 βατίλιττα
873 3505 974 3584 ἐκείνη
999 3505 1142 3586 Εὐδοκία,

427 3617 446 3692 ἡ
468 3619 526 3678 τοῦ
550 3617 688 3690 μεγάλου
711 3616 851 3679 Λέοντο(
873 3616 891 3693 ἡ
915 3617 1084 3694 πάντοφοτ
1107 3616 1255 3693 θυγάτηρ,

427 3729 649 3803 γραμματικοῖς
671 3726 823 3804 μαθήτρια
846 3724 925 3788 οὖτα
946 3725 1146 3804 Ὑτιερεχίου,

426 3837 506 3898 ποτὲ
529 3836 578 3896 καὶ
600 3839 657 3897 τοῦ
681 3834 835 3912 Ὠρίωνα(
858 3835 970 3912 μικρὸν
993 3834 1193 3913 ἀκροωμένη,

427 3945 603 4021 ρητορικοῖτ
626 3944 744 4022 ἑτέρων
767 3946 801 4007 δὲ
825 3945 872 4008 καὶ
895 3943 1088 4023 φιλοκόφοιε
1109 3943 1228 4019 ἄλλων,

426 4057 493 4117 ταῖς
515 4055 742 4134 μεταφράτεαν
767 4055 862 4132 αὑτῆς
884 4057 953 4118 wic
975 4055 1014 4116 δι’
1037 4054 1127 4117 ἐπῶν
1150 4053 1270 4132 εἰρήκει.

364 4230 566 4315 Consequens
589 4235 637 4294 est
660 4254 697 4294 cx
720 4231 779 4312 his,
804 4234 839 4294 ut
854 4231 1042 4294 Thebanum
1065 4231 1215 4296 Orionem
1236 4229 1328 4293 trium
1348 4223 1392 4286 cir·

279 4338 358 4402 citer
387 4341 584 4403 saeculorum
616 4341 720 4424 spatio
748 4345 876 4424 superet
902 4340 1114 4404 Alexandrini
1149 4344 1245 4404 aeras.
1289 4336 1392 4416 Quippe
