2942 5134
444 404 565 450 oaunu
588 403 751 452 coneum.
1108 387 1171 452 409

54 555 167 620 aliorum
200 555 352 640 exemplis
385 577 404 619 a
432 556 624 640 gravissima
652 557 851 620 dubitatione
879 557 1040 622 liberabis.
1086 556 1170 622 Nam

53 667 169 732 εὔιππον
199 667 350 732 εὔπωλον
383 669 420 730 ut
452 665 567 731 sociari
599 665 669 730 sine
697 667 895 752 tautologiae
922 667 1000 731 vitio
1029 667 1170 750 potuisse

52 777 263 860 aliquantisper
289 777 482 862 largiamur,
516 780 551 840 at
583 777 617 840 in
651 799 712 860 quo
746 777 841 842 cardo
874 777 921 840 rei
948 777 1083 841 vertitur
1110 777 1170 841 hoc

52 890 99 966 est,
119 887 212 970 quod,
246 909 318 950 cum
345 886 531 970 bipertitum
554 886 712 971 cogitetur
733 886 774 950 ad
797 886 983 970 Neptunum
1005 887 1171 970 pertinens

52 995 222 1060 beneficium
243 1018 353 1080 omne,
383 997 415 1061 id
438 996 589 1080 epithetis
612 996 675 1060 illis
697 997 744 1061 ita
767 997 971 1080 describitur,
1002 995 1092 1080 quasi
1115 999 1171 1060 aut

52 1104 228 1187 tripertitum
249 1107 293 1170 sit
315 1109 371 1172 aut
392 1106 523 1171 alterius
546 1107 647 1189 partis
669 1108 901 1190 praestantiam
922 1106 1056 1172 multum
1071 1106 1171 1170 virtus
1187 1113 1238 1162 llll

50 1213 161 1280 alterius
185 1217 310 1298 vincet,
339 1221 375 1280 ut
402 1239 482 1301 quae
510 1239 575 1280 non
604 1216 681 1281 item
707 1217 845 1300 simplici
867 1237 944 1281 voce
965 1215 1115 1308 efferatur
1136 1217 1173 1280 ut

51 1325 238 1405 εὔθάλαεεον,
261 1327 316 1390 sed
339 1326 461 1392 duabus
483 1326 670 1411 designetur
690 1326 787 1410 longe
806 1326 931 1391 fortius.
960 1325 1050 1391 Haec
1065 1328 1172 1390 autem

50 1431 100 1496 duo
130 1435 337 1520 principalia,
375 1457 456 1520 quae
492 1439 568 1500 sunt
600 1458 652 1500 ars
690 1437 843 1520 equestris
880 1441 912 1500 et
947 1457 998 1500 ars
1035 1435 1171 1517 navalis,

48 1563 159 1623 prorsus
183 1545 324 1609 interae
352 1547 521 1630 exaequari
550 1547 619 1629 ipsa
649 1567 728 1610 sana
758 1545 840 1610 ratio
868 1545 1009 1610 iubebat.
1054 1543 1172 1620 Quodsi

48 1650 145 1717 inilla
166 1659 262 1737 poeta
279 1655 381 1720 'vellet
409 1655 594 1720 alendorum
623 1676 773 1740 equorum
801 1655 1032 1739 eonmdemque
1059 1675 1172 1738 regen·

48 1759 142 1825 dorum
164 1765 313 1828 notiones
336 1765 533 1850 distinguere
556 1767 608 1848 (eo
631 1764 715 1829 enim
738 1767 882 1848 spectare
905 1767 1056 1831 εὔπωλον
1078 1767 1172 1848 atque

48 1871 169 1940 stranea
199 1874 355 1938 creditum
382 1877 431 1938 est
458 1874 675 1958 Hermanno),
710 1875 778 1938 iure
806 1896 939 1959 quaeras
968 1896 1023 1939 cur
1050 1895 1115 1940 non
1138 1873 1172 1940 in

47 1980 98 2044 hac
117 2004 239 2068 quoque
261 1985 348 2052 velut
368 1985 630 2050 fabricandamm
651 1985 781 2050 navium
804 1984 1036 2070 earundemque
1059 1985 1172 2068 guber·

47 2092 211 2158 landarum
235 2097 337 2158 artem
365 2095 563 2160 distinxerit:
591 2115 652 2159 nec
680 2095 765 2158 enim
791 2093 896 2160 minus
924 2096 974 2159 vel
996 2093 1056 2158 hoc
1078 2116 1173 2177 quam

46 2199 113 2263 illud
134 2203 334 2268 commodum
356 2204 406 2268 vel
428 2205 507 2268 illud
529 2227 623 2288 quam
646 2204 706 2269 boc
730 2205 820 2268 exile.
850 2203 910 2268 Vel
932 2208 968 2268 ut
989 2204 1054 2268 iam
1069 2203 1173 2266 verius

46 2308 190 2377 dicamas:
221 2317 392 2397 utrumque
420 2313 511 2396 exile,
542 2313 741 2378 commodum
768 2317 926 2377 neutrum.
971 2313 1078 2396 Atque
1104 2313 1173 2396 ipse

45 2424 138 2504 poeta,
161 2423 238 2508 quid
261 2423 397 2487 voluerit
418 2423 492 2508 quid
515 2445 591 2506 non,
615 2427 683 2488 tam
699 2425 784 2487 certa
802 2427 835 2486 et
856 2425 966 2506 aperte
987 2421 1171 2504 declaravit,

45 2528 89 2591 vix
114 2535 148 2595 ut
167 2533 312 2617 potuisse
335 2533 435 2598 errari
457 2532 612 2596 videatur.
658 2531 718 2609 Qui
740 2553 834 2618 quem
860 2532 900 2596 ad
923 2531 1051 2614 modum
1073 2532 1173 2596 solam

44 2640 209 2725 navigandi
233 2642 383 2726 peritiam
406 2643 547 2707 celebrat
569 2642 604 2705 in
626 2645 768 2706 extrema
790 2641 938 2726 stropha,
968 2643 1014 2705 ita
1041 2641 1094 2706 hic
1116 2641 1174 2705 mi·

43 2747 119 2813 riime
139 2755 344 2834 procreatum
366 2751 552 2835 aNeptuno
574 2771 699 2835 equum,
723 2751 778 2814 sed
798 2751 854 2814 illo
869 2754 998 2816 auctore
1011 2751 1174 2815 frenatum

43 2879 71 2918 se
100 2861 258 2944 cogitare,
294 2882 361 2925 non
393 2861 493 2944 igitin
525 2861 644 2944 equitia
677 2859 733 2923 sed
765 2861 941 2944 equitatum
971 2859 1172 2941 conlaudare,

42 2967 219 3047 planissime
242 2969 292 3033 his
314 2991 395 3054 quae
417 2970 534 3034 subicit
560 2970 665 3034 verbis
693 2969 802 3052 docet,
836 2969 949 3054 quibus
976 2991 1057 3051 non,
1090 2969 1173 3053 quod

41 3081 190 3161 potuerat,
214 3079 319 3144 ἵππον
342 3080 445 3144 arira(
468 3079 564 3162 dixit,
588 3079 643 3142 sed
664 3079 807 3144 ἵπποιειν
829 3081 888 3145 τὸν
911 3080 1065 3158 ἀκεετῆρα
1086 3083 1173 3160 χαλι-

41 3189 93 3252 νὸν
114 3191 270 3268 πρώταιει
292 3193 396 3255 ταῑεδε
420 3189 522 3254 aritae
544 3189 666 3264 ἀγοιαϊε
689 3189 816 3252 excluso
839 3189 949 3254 altero.
994 3189 1082 3264 Quae
1104 3211 1175 3253 cum

40 3294 79 3358 ita
100 3297 176 3384 sint,
201 3298 307 3383 ipsam
328 3298 414 3362 viam
436 3299 581 3363 veritatis
603 3299 713 3363 iniisse
729 3297 891 3383 Reisigius
915 3298 1089 3363 credendus
1113 3302 1171 3382 est,
1285 3275 1290 3288 Ι

40 3425 54 3464 c
68 3407 260 3490 glossemate
275 3408 446 3492 repetitum
461 3407 637 3494 εὔιππον*)
653 3407 850 3472 confidenter
863 3409 989 3473 tollens.
1014 3407 1076 3474 Sed
1091 3408 1173 3492 quod

39 3580 238 3592 ''Q—n·-

99 3661 123 3723 *ι
140 3662 306 3732 Inrepserat
327 3661 384 3717 iam
407 3663 529 3716 εὔιππον
550 3661 702 3730 glossema,
735 3677 796 3714 cum
822 3661 893 3715 haec
914 3662 1001 3716 verba
1024 3661 1176 3718 scholiasta
1268 3716 1273 3726 ,

39 3753 154 3822 scripsit:
179 3757 309 3822 παρόεον
327 3757 343 3810 ὁ
362 3755 494 3809 Κολωνὸε
512 3755 641 3809 ίππεῦε
659 3755 771 3819 ἐλέγετο
790 3757 835 3807 καὶ
848 3754 993 3808 Ποεειδιῖιν
1012 3757 1057 3808 καὶ
1071 3757 1176 3823 Ἀθηνᾶ

39 3847 131 3902 αὐτόθι
157 3848 285 3902 ἵππιοι.
319 3847 392 3902 Nam
418 3847 487 3902 baec
513 3847 549 3902 sd
572 3849 705 3902 εὔπωλον
733 3846 899 3916 scripturam
925 3849 1052 3916 spectare
1077 3865 1175 3919 pamm

38 3955 97 3992 sane
115 3939 262 3994 credibile.
285 3969 318 3980 -
340 3939 472 3994 Consulto
491 3940 586 3993 autem
607 3939 653 3993 hic
671 3941 804 3994 εὔπωλον
821 3937 947 4008 posuisse
964 3942 1051 4010 poeta
1068 3941 1176 3996 varian-

38 4027 84 4082 dae
106 4031 245 4086 orationis
270 4049 367 4087 caussa
389 4031 512 4098 videbar,
538 4033 688 4101 postquam
715 4031 751 4086 ab
774 4033 897 4087 εὐίππου
920 4033 1039 4087 nominis
1061 4035 1175 4090 notione

38 4123 172 4176 canticum
196 4142 278 4178 sunm
300 4141 382 4180 omna
404 4141 517 4179 exorsus
540 4127 596 4180 est:
626 4124 791 4194 praesertim
815 4143 877 4178 curn
900 4125 996 4179 statim
1013 4125 1177 4194 insequatur

36 4213 157 4269 ἵπποιειν
175 4235 201 4269 ν.
224 4221 281 4270 714.
317 4217 471 4285 Vtrumque
490 4218 513 4270 ri
529 4217 672 4283 iunxisset,
691 4219 823 4272 εὔπωλον
842 4220 964 4273 εὔιππον
981 4219 1074 4288 potius
1093 4217 1176 4290 quam

35 4303 139 4362 inverso
159 4307 261 4364 ordine
279 4309 411 4376 dixisset,
438 4309 504 4378 quia
526 4327 605 4364 usum
623 4311 653 4364 et
670 4309 843 4380 disciplinam
867 4310 1011 4380 praecedit
1032 4315 1130 4383 partus
1148 4317 1178 4372 ct

36 4398 140 4454 alitura.
