2952 5132
355 380 513 430 oroarsn
536 381 886 432 rrsnrcsaasssansrs.
1130 365 1193 430 475

70 536 176 598 formae
202 533 341 616 mediae,
372 533 532 598 foliorum'
546 535 620 618 319,
650 533 716 598 eius
746 537 853 598 autem
880 535 1072 618 scripturae,
1105 533 1192 598 cuius

70 645 233 728 exemplum
259 643 360 728 lapidi
387 643 577 728 inscriptum
605 644 692 708 infra
719 644 921 708 subiecimus.
971 645 1063 708 Alter
1085 647 1192 708 autem

71 754 239 837 Ghisianus,
284 757 415 837 propter
451 753 585 819 eximiae
621 754 868 838 pulchritudinis
906 758 940 818 et
976 754 1193 838 praestantiae

69 865 175 928 famam
201 863 403 929 anobismet
431 863 525 948 ipsis,
556 885 627 928 cum
654 863 693 928 de
721 864 843 928 edendo
875 863 1030 948 Dionysio
1062 862 1193 928 minime

71 975 291 1058 coffl'tabamus,
324 972 446 1038 Romae
474 975 652 1058 inspectae,
684 973 738 1038 ubi
761 974 859 1038 etiam
881 997 968 1039 nunc
989 974 1074 1038 inter
1096 974 1193 1038 libros

70 1084 234 1168 principum
256 1089 345 1161 otior·
364 1087 524 1166 servatur,
547 1083 697 1148 foliorum
718 1084 772 1148 illc
795 1085 857 1149 599
879 1085 1002 1148 formae
1023 1085 1191 1168 maximae,

69 1197 150 1258 tauta
175 1193 336 1278 elegantia
363 1193 399 1258 in
425 1195 619 1258 membranis
647 1198 806 1286 exaratus,
835 1199 987 1279 quantam
1021 1217 1087 1260 non
1115 1195 1194 1258 satis

70 1303 202 1368 exomni
229 1306 322 1388 parte
349 1303 451 1367 nostri
480 1325 532 1368 ars
556 1304 754 1388 lithographi
782 1309 927 1370 assecula
949 1305 1007 1388 sit,
1037 1305 1078 1368 ab
1101 1305 1194 1368 initio

70 1415 164 1477 autem
185 1412 332 1497 Dionysii
359 1413 502 1498 imagine
529 1417 677 1496 ornatus,
705 1436 785 1499 quae
808 1437 847 1479 ex
869 1414 1113 1479 Montefalconii
1135 1413 1194 1478 Pa·

69 1522 263 1608 laeographia
293 1544 411 1609 graeca
437 1546 469 1607 p.
490 1523 533 1590 24
559 1524 594 1588 iu
615 1523 825 1588 Ileiskianam
854 1523 1027 1589 editionem
1051 1525 1192 1608 transiit,

69 1633 116 1696 sed
143 1633 228 1698 cuius
258 1655 316 1698 nos
344 1655 494 1718 graecam
529 1633 771 1719 inscriptionem
800 1634 899 1700 minio
927 1635 1048 1718 pictam
1074 1633 1194 1698 maiore

68 1764 151 1826 quarn
184 1745 322 1808 antehac
353 1743 415 1807 fide
448 1745 483 1808 in
510 1745 654 1808 subiecta
686 1745 761 1810 huic
789 1744 1051 1809 commentationi
1084 1744 1195 1808 tabula

69 1853 190 1934 exprimi
218 1853 457 1938 curavimus*):
485 1853 513 1918 is
535 1853 636 1938 igilur
663 1854 761 1919 codex
788 1854 841 1918 diu
869 1858 918 1918 est
940 1875 979 1919 ex
1001 1876 1063 1939 quo
1087 1855 1195 1937 paullo

68 1963 234 2028 accuratius
262 1985 281 2026 a
304 1963 556 2029 Montefalconio
582 1963 760 2049 descriptus
788 1965 899 2028 Diario
930 1964 1045 2028 Italico
1074 1987 1106 2049 p.
1131 1963 1195 2030 238

67 2075 94 2134 et
117 2073 155 2138 ab
182 2072 352 2138 Holstenio
383 2073 418 2137 in
450 2072 536 2138 illius
569 2073 771 2140 Bibliotheca
801 2073 1067 2139 bibliothecarum
1094 2074 1196 2138 vol.I

67 2203 93 2262 p.
110 2183 176 2265 174,
200 2183 241 2247 ab
262 2185 396 2266 utroque
418 2185 525 2246 autem
547 2183 719 2248 saeculoX
742 2184 930 2270 adsignata
937 2233 946 2268 ,
969 2205 1124 2269 magnum
1146 2182 1195 2248 sui

67 2289 243 2356 desiderium
264 2291 367 2356 doctis
388 2292 571 2358 hominibus
594 2293 756 2360 excitavit.

141 2401 191 2466 Ex
213 2405 336 2486 septem
358 2403 468 2487 igitur,
499 2425 577 2488 quor
601 2403 722 2468 Romae
749 2403 971 2469 diversissimis
1000 2402 1195 2487 temporibus
1332 2450 1336 2463 .

66 2515 222 2596 usurpatos
249 2511 397 2596 Dionysii
426 2511 550 2578 codices
580 2513 807 2598 comperimus,
835 2517 901 2578 tres
923 2517 999 2578 sunt
1020 2513 1059 2576 ds
1082 2513 1195 2598 quibus

66 2643 167 2703 parum
190 2628 333 2706 constat,
362 2623 443 2708 Lapi
465 2625 544 2708 duo,
573 2645 716 2708 unusque
738 2621 849 2688 Vrsini
872 2644 964 2707 quem
987 2621 1114 2707 quidem
1137 2623 1196 2688 sci·

66 2752 127 2796 nus
148 2755 179 2798 a.
200 2734 283 2800 1600
302 2737 439 2799 mortem
460 2732 587 2798 obiisse.
623 2733 708 2809 Quos
730 2733 828 2797 libros
851 2755 922 2798 cum
944 2733 1040 2798 facile
1062 2733 1196 2816 suspitio

66 2841 176 2908 on'atur
196 2845 232 2908 in
252 2844 445 2928 reliquorum
467 2864 599 2908 numero
621 2844 721 2908 latere
748 2843 931 2907 distinctius
953 2841 1194 2927 descriptorum,

67 2953 166 3018 temen
194 2975 254 3018 nec
282 2953 322 3018 de
350 2953 502 3020 Chisiano
535 2953 677 3038 cogitare
710 2973 771 3016 nec
798 2953 837 3016 de
864 2951 1011 3016 Hudsoni
1038 2952 1197 3016 Vrbinate

67 3058 146 3126 licet:
175 3062 431 3152 quandoquidem
458 3067 573 3129 neutra
601 3061 796 3128 bibliotheca
824 3064 900 3126 ante
927 3061 1066 3127 medium
1089 3079 1196 3126 saecu·

66 3169 122 3236 lum
142 3171 238 3238 XVII
259 3172 381 3238 Romae
405 3173 538 3256 exstitit,
563 3173 734 3238 Chisianus
762 3174 869 3236 autem
891 3193 932 3236 ne
954 3172 990 3236 in
1011 3170 1108 3236 Italia
1130 3171 1197 3256 qui-

66 3278 128 3344 dem
148 3286 245 3347 antea
268 3283 467 3366 servabatur,
491 3282 556 3366 sed,
580 3285 617 3346 ut
639 3303 678 3346 ex
698 3280 839 3346 Harlesii
861 3281 1039 3347 introduct.
1063 3281 1097 3346 in
1120 3281 1196 3346 hist.

65 3387 136 3474 hug.
165 3414 215 3478 gr.
239 3392 304 3458 vol.
326 3391 343 3456 I
365 3413 397 3475 p.
420 3393 461 3456 66
484 3391 632 3477 cognovi,
661 3391 828 3456 Avenione
851 3390 988 3455 Romam
1010 3391 1127 3457 allatus
1149 3395 1198 3454 est

65 3495 142 3564 iussu
163 3501 343 3566 Alexandri
371 3500 435 3566 VH
456 3501 493 3566 Ρ.
517 3501 561 3566 Μ.
607 3500 778 3566 Praeterea
806 3499 888 3566 nihil
916 3504 1023 3585 potest
1045 3500 1090 3565 eis
1114 3499 1197 3564 codi-

67 3607 160 3694 cibus,
190 3633 229 3676 cx
258 3611 372 3696 quibus
401 3610 604 3676 undecimum
630 3611 747 3674 librum
768 3611 890 3695 Lepus,
920 3611 960 3674 ad
992 3609 1198 3675 undecimum

65 3725 239 3800 spectantes
261 3721 440 3806 scripturae
455 3720 690 3804 discrepantias
705 3719 842 3784 Vrsinus
864 3720 1015 3805 sumpsit,
1040 3742 1112 3784 cum
1134 3721 1197 3784 illis

66 3847 221 3895 commune
250 3851 335 3914 esse,
364 3832 417 3916 qui
440 3830 556 3896 decimi
578 3829 675 3894 finem
697 3850 763 3894 non
789 3829 956 3895 excedunt.
1001 3831 1114 3914 Itaque
1143 3831 1198 3894 du-

66 3938 132 4018 plici
154 3943 283 4006 lantum
305 3941 507 4006 coniectauae
529 3941 617 4006 locus
647 3938 740 4004 datus
763 3941 828 4022 est,
857 3943 893 4004 ut
913 3939 963 4004 vel
988 3940 1029 4004 ab
1052 3939 1198 4004 Hudsoni

66 4043 217 4114 Vaticano
240 4051 343 4116 altero
365 4051 455 4136 (450)
479 4051 546 4114 sive
561 4050 641 4134 Lapi
657 4051 722 4114 sive
738 4049 847 4115 Vrsini
865 4049 961 4114 codex
978 4069 1043 4113 non
1059 4049 1196 4131 differre,

122 4303 146 4368 ²¹)
166 4301 320 4370 [Vrbinatis
339 4301 440 4358 codicis
459 4303 584 4359 dolemus
603 4318 654 4358 nec
673 4301 739 4358 olim
757 4301 956 4374 exemplumin
969 4301 1102 4373 promptu
1115 4300 1199 4357 luisse

66 4407 108 4446 uec
124 4411 196 4448 nnnc
213 4395 295 4464 erse]
