<?xml version="1.0" encoding="UTF-8"?>
<!DOCTYPE html PUBLIC "-//W3C//DTD XHTML 1.0 Transitional//EN"
    "http://www.w3.org/TR/xhtml1/DTD/xhtml1-transitional.dtd">
<html xmlns="http://www.w3.org/1999/xhtml" xml:lang="en" lang="en">
 <head>
  <title>
</title>
<meta http-equiv="Content-Type" content="text/html;charset=utf-8" />
  <meta name='ocr-system' content='tesseract 3.04.00' />
  <meta name='ocr-capabilities' content='ocr_page ocr_carea ocr_par ocr_line ocrx_word'/>
</head>
<body>
  <div class='ocr_page' id='page_1' title='image "./fridericiritsch04ritsgoog_0500.png"; bbox 0 0 2952 5132; ppageno 0'>
   <div class='ocr_carea' id='block_1_1' title="bbox 375 357 1216 424">
    <p class='ocr_par' dir='ltr' id='par_1_1' title="bbox 375 357 1216 424">
     <span class='ocr_line' id='line_1_1' title="bbox 375 357 1216 424; baseline 0.004 -4"><span class='ocrx_word' id='word_1_1' title='bbox 375 373 533 423; x_wconf 79' lang='lat' dir='ltr'>uronrsn</span> <span class='ocrx_word' id='word_1_2' title='bbox 561 373 914 424; x_wconf 77' lang='lat' dir='ltr'>nsnrcncnsssnrsm.</span> <span class='ocrx_word' id='word_1_3' title='bbox 1153 357 1216 423; x_wconf 77' lang='lat'>473</span> 
     </span>
    </p>
   </div>
   <div class='ocr_carea' id='block_1_2' title="bbox 83 526 1249 2700">
    <p class='ocr_par' dir='ltr' id='par_1_2' title="bbox 83 526 1249 2700">
     <span class='ocr_line' id='line_1_2' title="bbox 84 526 1215 612; baseline 0.002 -22"><span class='ocrx_word' id='word_1_4' title='bbox 84 527 138 590; x_wconf 91' lang='lat' dir='ltr'>hoc</span> <span class='ocrx_word' id='word_1_5' title='bbox 169 526 368 610; x_wconf 85' lang='lat' dir='ltr'>potissimum</span> <span class='ocrx_word' id='word_1_6' title='bbox 401 526 506 590; x_wconf 89' lang='lat' dir='ltr'>studui</span> <span class='ocrx_word' id='word_1_7' title='bbox 535 528 701 611; x_wconf 81' lang='lat' dir='ltr'><strong>consequi,</strong></span> <span class='ocrx_word' id='word_1_8' title='bbox 735 531 771 591; x_wconf 91' lang='lat' dir='ltr'>ut</span> <span class='ocrx_word' id='word_1_9' title='bbox 797 549 878 612; x_wconf 89' lang='lat' dir='ltr'>quae</span> <span class='ocrx_word' id='word_1_10' title='bbox 911 531 1039 592; x_wconf 80' lang='lat' dir='ltr'>matriae</span> <span class='ocrx_word' id='word_1_11' title='bbox 1075 527 1215 592; x_wconf 84' lang='lat' dir='ltr'>rationes</span> 
     </span>
     <span class='ocr_line' id='line_1_3' title="bbox 84 635 1216 722; baseline 0.002 -22"><span class='ocrx_word' id='word_1_12' title='bbox 84 640 184 700; x_wconf 76' lang='lat' dir='ltr'>essent</span> <span class='ocrx_word' id='word_1_13' title='bbox 215 639 400 701; x_wconf 87' lang='lat' dir='ltr'>cunctorum</span> <span class='ocrx_word' id='word_1_14' title='bbox 428 636 574 721; x_wconf 83' lang='lat' dir='ltr'>Dionysii</span> <span class='ocrx_word' id='word_1_15' title='bbox 603 635 747 701; x_wconf 89' lang='lat' dir='ltr'>codicum</span> <span class='ocrx_word' id='word_1_16' title='bbox 775 659 868 720; x_wconf 80' lang='lat' dir='ltr'>msa,</span> <span class='ocrx_word' id='word_1_17' title='bbox 902 659 983 721; x_wconf 89' lang='lat' dir='ltr'>quae</span> <span class='ocrx_word' id='word_1_18' title='bbox 1017 638 1216 722; x_wconf 84' lang='lat' dir='ltr'>singulorum</span> 
     </span>
     <span class='ocr_line' id='line_1_4' title="bbox 85 745 1215 831; baseline 0.002 -21"><span class='ocrx_word' id='word_1_19' title='bbox 85 745 234 830; x_wconf 90' lang='lat' dir='ltr'>condicio,</span> <span class='ocrx_word' id='word_1_20' title='bbox 258 767 339 830; x_wconf 87' lang='lat' dir='ltr'>quae</span> <span class='ocrx_word' id='word_1_21' title='bbox 360 746 412 810; x_wconf 85' lang='lat' dir='ltr'>lex</span> <span class='ocrx_word' id='word_1_22' title='bbox 434 749 467 810; x_wconf 87' lang='lat' dir='ltr'>et</span> <span class='ocrx_word' id='word_1_23' title='bbox 488 768 601 811; x_wconf 90' lang='lat' dir='ltr'>norma</span> <span class='ocrx_word' id='word_1_24' title='bbox 624 747 727 811; x_wconf 90' lang='lat' dir='ltr'>critici</span> <span class='ocrx_word' id='word_1_25' title='bbox 749 747 883 831; x_wconf 83' lang='lat' dir='ltr'>negotii,</span> <span class='ocrx_word' id='word_1_26' title='bbox 908 751 1087 831; x_wconf 77' lang='lat' dir='ltr'><strong>appareret.</strong></span> <span class='ocrx_word' id='word_1_27' title='bbox 1124 747 1215 822; x_wconf 82' lang='lat' dir='ltr'>Quod</span> 
     </span>
     <span class='ocr_line' id='line_1_5' title="bbox 84 856 1215 942; baseline 0.003 -23"><span class='ocrx_word' id='word_1_28' title='bbox 84 856 200 940; x_wconf 87' lang='lat' dir='ltr'>quidem</span> <span class='ocrx_word' id='word_1_29' title='bbox 228 856 324 920; x_wconf 82' lang='lat' dir='ltr'>facile</span> <span class='ocrx_word' id='word_1_30' title='bbox 356 856 470 920; x_wconf 90' lang='lat' dir='ltr'>harum</span> <span class='ocrx_word' id='word_1_31' title='bbox 502 878 607 921; x_wconf 89' lang='lat' dir='ltr'>rernm</span> <span class='ocrx_word' id='word_1_32' title='bbox 635 856 730 940; x_wconf 90' lang='lat' dir='ltr'>periti</span> <span class='ocrx_word' id='word_1_33' title='bbox 763 857 957 942; x_wconf 69' lang='lat' dir='ltr'>intellegant</span> <span class='ocrx_word' id='word_1_34' title='bbox 981 879 1047 922; x_wconf 88' lang='lat' dir='ltr'>non</span> <span class='ocrx_word' id='word_1_35' title='bbox 1074 859 1215 942; x_wconf 82' lang='lat' dir='ltr'>potuisse</span> 
     </span>
     <span class='ocr_line' id='line_1_6' title="bbox 83 965 1215 1052; baseline 0.002 -22"><span class='ocrx_word' id='word_1_36' title='bbox 83 967 140 1030; x_wconf 86' lang='lat' dir='ltr'>nisi</span> <span class='ocrx_word' id='word_1_37' title='bbox 161 967 206 1030; x_wconf 88' lang='lat' dir='ltr'>sic</span> <span class='ocrx_word' id='word_1_38' title='bbox 227 965 312 1050; x_wconf 89' lang='lat' dir='ltr'>fieri,</span> <span class='ocrx_word' id='word_1_39' title='bbox 337 969 373 1029; x_wconf 88' lang='lat' dir='ltr'>ut</span> <span class='ocrx_word' id='word_1_40' title='bbox 394 965 581 1050; x_wconf 86' lang='lat' dir='ltr'>plenissima</span> <span class='ocrx_word' id='word_1_41' title='bbox 609 967 811 1030; x_wconf 76' lang='lat' dir='ltr'>exhiberetur</span> <span class='ocrx_word' id='word_1_42' title='bbox 839 968 933 1032; x_wconf 87' lang='lat' dir='ltr'>unius</span> <span class='ocrx_word' id='word_1_43' title='bbox 959 967 1093 1032; x_wconf 88' lang='lat' dir='ltr'>alicuius</span> <span class='ocrx_word' id='word_1_44' title='bbox 1117 969 1215 1052; x_wconf 87' lang='lat' dir='ltr'>parti·</span> 
     </span>
     <span class='ocr_line' id='line_1_7' title="bbox 85 1075 1214 1159; baseline 0.003 -19"><span class='ocrx_word' id='word_1_45' title='bbox 85 1075 166 1140; x_wconf 88' lang='lat' dir='ltr'>culae</span> <span class='ocrx_word' id='word_1_46' title='bbox 196 1075 382 1159; x_wconf 80' lang='lat' dir='ltr'>discrepans</span> <span class='ocrx_word' id='word_1_47' title='bbox 416 1075 574 1159; x_wconf 89' lang='lat' dir='ltr'>scriptura</span> <span class='ocrx_word' id='word_1_48' title='bbox 608 1076 668 1159; x_wconf 88' lang='lat' dir='ltr'>ipsi</span> <span class='ocrx_word' id='word_1_49' title='bbox 701 1077 869 1142; x_wconf 85' lang='lat' dir='ltr'>verbomm</span> <span class='ocrx_word' id='word_1_50' title='bbox 906 1077 1113 1142; x_wconf 86' lang='lat' dir='ltr'>continuitati</span> <span class='ocrx_word' id='word_1_51' title='bbox 1144 1080 1214 1144; x_wconf 83' lang='lat' dir='ltr'>sub</span> 
     </span>
     <span class='ocr_line' id='line_1_8' title="bbox 83 1184 1214 1274; baseline 0.004 -26"><span class='ocrx_word' id='word_1_52' title='bbox 83 1187 200 1268; x_wconf 85' lang='lat' dir='ltr'>iuncta,</span> <span class='ocrx_word' id='word_1_53' title='bbox 238 1184 337 1250; x_wconf 88' lang='lat' dir='ltr'>libros</span> <span class='ocrx_word' id='word_1_54' title='bbox 375 1185 540 1270; x_wconf 78' lang='lat' dir='ltr'>complexa</span> <span class='ocrx_word' id='word_1_55' title='bbox 578 1185 691 1258; x_wconf 87' lang='lat' dir='ltr'>hosce:</span> <span class='ocrx_word' id='word_1_56' title='bbox 735 1185 876 1251; x_wconf 84' lang='lat' dir='ltr'>codicem</span> <span class='ocrx_word' id='word_1_57' title='bbox 913 1187 1099 1253; x_wconf 83' lang='lat' dir='ltr'>Chisianum</span> <span class='ocrx_word' id='word_1_58' title='bbox 1137 1187 1214 1274; x_wconf 79' lang='lat' dir='ltr'>(A),</span> 
     </span>
     <span class='ocr_line' id='line_1_9' title="bbox 84 1293 1215 1382; baseline 0.004 -24"><span class='ocrx_word' id='word_1_59' title='bbox 84 1293 222 1359; x_wconf 90' lang='lat' dir='ltr'>Hudsoui</span> <span class='ocrx_word' id='word_1_60' title='bbox 244 1293 440 1360; x_wconf 80' lang='lat' dir='ltr'>Vaticanum</span> <span class='ocrx_word' id='word_1_61' title='bbox 467 1295 541 1382; x_wconf 85' lang='lat' dir='ltr'>(B),</span> <span class='ocrx_word' id='word_1_62' title='bbox 575 1295 735 1360; x_wconf 83' lang='lat' dir='ltr'>Venatum</span> <span class='ocrx_word' id='word_1_63' title='bbox 758 1295 936 1382; x_wconf 81' lang='lat' dir='ltr'>Sylburgii,</span> <span class='ocrx_word' id='word_1_64' title='bbox 970 1297 1131 1362; x_wconf 82' lang='lat' dir='ltr'>Ambrosii</span> <span class='ocrx_word' id='word_1_65' title='bbox 1154 1298 1215 1364; x_wconf 83' lang='lat' dir='ltr'>Ve</span> 
     </span>
     <span class='ocr_line' id='line_1_10' title="bbox 83 1404 1215 1490; baseline 0.004 -22"><span class='ocrx_word' id='word_1_66' title='bbox 83 1407 168 1469; x_wconf 83' lang='lat' dir='ltr'>natos</span> <span class='ocrx_word' id='word_1_67' title='bbox 191 1404 395 1470; x_wconf 79' lang='lat' dir='ltr'>chartaceum</span> <span class='ocrx_word' id='word_1_68' title='bbox 423 1405 575 1488; x_wconf 88' lang='lat' dir='ltr'>alterum,</span> <span class='ocrx_word' id='word_1_69' title='bbox 608 1407 743 1470; x_wconf 89' lang='lat' dir='ltr'>alterum</span> <span class='ocrx_word' id='word_1_70' title='bbox 771 1407 1065 1490; x_wconf 87' lang='lat' dir='ltr'>membranaceum,</span> <span class='ocrx_word' id='word_1_71' title='bbox 1097 1407 1215 1474; x_wconf 86' lang='lat' dir='ltr'>Medio·</span> 
     </span>
     <span class='ocr_line' id='line_1_11' title="bbox 84 1513 1249 1602; baseline 0 -24"><span class='ocrx_word' id='word_1_72' title='bbox 84 1513 241 1579; x_wconf 82' lang='lat' dir='ltr'>lunensem</span> <span class='ocrx_word' id='word_1_73' title='bbox 262 1513 528 1598; x_wconf 85' lang='lat' dir='ltr'>Ambrosianum,</span> <span class='ocrx_word' id='word_1_74' title='bbox 553 1515 708 1580; x_wconf 87' lang='lat' dir='ltr'>editiones</span> <span class='ocrx_word' id='word_1_75' title='bbox 731 1515 901 1600; x_wconf 86' lang='lat' dir='ltr'>Stephani,</span> <span class='ocrx_word' id='word_1_76' title='bbox 926 1517 1103 1602; x_wconf 79' lang='lat' dir='ltr'>Sylburgii,</span> <span class='ocrx_word' id='word_1_77' title='bbox 1128 1517 1249 1582; x_wconf 78' lang='lat' dir='ltr'>llud-a</span> 
     </span>
     <span class='ocr_line' id='line_1_12' title="bbox 84 1623 1214 1712; baseline 0.004 -25"><span class='ocrx_word' id='word_1_78' title='bbox 84 1625 163 1707; x_wconf 90' lang='lat' dir='ltr'>soni,</span> <span class='ocrx_word' id='word_1_79' title='bbox 185 1623 320 1689; x_wconf 84' lang='lat' dir='ltr'>Reislrii.</span> <span class='ocrx_word' id='word_1_80' title='bbox 366 1623 573 1709; x_wconf 90' lang='lat' dir='ltr'>Reliquorum</span> <span class='ocrx_word' id='word_1_81' title='bbox 595 1625 680 1690; x_wconf 88' lang='lat' dir='ltr'>euim</span> <span class='ocrx_word' id='word_1_82' title='bbox 702 1625 864 1710; x_wconf 89' lang='lat' dir='ltr'>librorum,</span> <span class='ocrx_word' id='word_1_83' title='bbox 887 1629 924 1690; x_wconf 88' lang='lat' dir='ltr'>ut</span> <span class='ocrx_word' id='word_1_84' title='bbox 945 1626 1097 1693; x_wconf 88' lang='lat' dir='ltr'>Vaticani</span> <span class='ocrx_word' id='word_1_85' title='bbox 1122 1627 1214 1712; x_wconf 83' lang='lat'>1300,</span> 
     </span>
     <span class='ocr_line' id='line_1_13' title="bbox 84 1734 1216 1823; baseline 0.004 -25"><span class='ocrx_word' id='word_1_86' title='bbox 84 1734 180 1799; x_wconf 89' lang='lat' dir='ltr'>nullus</span> <span class='ocrx_word' id='word_1_87' title='bbox 203 1739 253 1799; x_wconf 89' lang='lat' dir='ltr'>est</span> <span class='ocrx_word' id='word_1_88' title='bbox 274 1735 309 1798; x_wconf 91' lang='lat' dir='ltr'>in</span> <span class='ocrx_word' id='word_1_89' title='bbox 323 1735 485 1819; x_wconf 91' lang='lat' dir='ltr'>prooemio</span> <span class='ocrx_word' id='word_1_90' title='bbox 505 1757 589 1800; x_wconf 86' lang='lat' dir='ltr'>usus.</span> <span class='ocrx_word' id='word_1_91' title='bbox 619 1735 789 1800; x_wconf 88' lang='lat' dir='ltr'>Praeterea</span> <span class='ocrx_word' id='word_1_92' title='bbox 812 1735 919 1801; x_wconf 89' lang='lat' dir='ltr'>addidi</span> <span class='ocrx_word' id='word_1_93' title='bbox 941 1737 1022 1822; x_wconf 86' lang='lat' dir='ltr'>Lepi</span> <span class='ocrx_word' id='word_1_94' title='bbox 1044 1759 1086 1802; x_wconf 90' lang='lat' dir='ltr'>an</span> <span class='ocrx_word' id='word_1_95' title='bbox 1102 1737 1216 1823; x_wconf 90' lang='lat' dir='ltr'>Lampi</span> 
     </span>
     <span class='ocr_line' id='line_1_14' title="bbox 83 1843 1216 1932; baseline 0.004 -25"><span class='ocrx_word' id='word_1_96' title='bbox 83 1843 375 1928; x_wconf 84' lang='lat' dir='ltr'>interpretationem</span> <span class='ocrx_word' id='word_1_97' title='bbox 395 1844 547 1928; x_wconf 87' lang='lat' dir='ltr'>latinam,</span> <span class='ocrx_word' id='word_1_98' title='bbox 576 1849 714 1930; x_wconf 86' lang='lat' dir='ltr'>atquae</span> <span class='ocrx_word' id='word_1_99' title='bbox 737 1845 780 1910; x_wconf 88' lang='lat' dir='ltr'>sit</span> <span class='ocrx_word' id='word_1_100' title='bbox 804 1867 821 1910; x_wconf 90' lang='lat' dir='ltr'>e</span> <span class='ocrx_word' id='word_1_101' title='bbox 844 1847 1005 1912; x_wconf 88' lang='lat' dir='ltr'>codicibus</span> <span class='ocrx_word' id='word_1_102' title='bbox 1032 1847 1145 1932; x_wconf 88' lang='lat' dir='ltr'>ducta,</span> <span class='ocrx_word' id='word_1_103' title='bbox 1175 1847 1216 1912; x_wconf 88' lang='lat' dir='ltr'>ad</span> 
     </span>
     <span class='ocr_line' id='line_1_15' title="bbox 84 1953 1214 2042; baseline 0.005 -25"><span class='ocrx_word' id='word_1_104' title='bbox 84 1954 254 2038; x_wconf 88' lang='lat' dir='ltr'>exemplum</span> <span class='ocrx_word' id='word_1_105' title='bbox 280 1953 442 2039; x_wconf 73' lang='lat' dir='ltr'>Regiense</span> <span class='ocrx_word' id='word_1_106' title='bbox 470 1954 548 2018; x_wconf 90' lang='lat' dir='ltr'>anni</span> <span class='ocrx_word' id='word_1_107' title='bbox 577 1955 658 2019; x_wconf 88' lang='grc'><strong>1498</strong></span> <span class='ocrx_word' id='word_1_108' title='bbox 686 1977 723 2020; x_wconf 92' lang='lat' dir='ltr'>eo</span> <span class='ocrx_word' id='word_1_109' title='bbox 745 1959 999 2040; x_wconf 87' lang='lat' dir='ltr'>temperamento</span> <span class='ocrx_word' id='word_1_110' title='bbox 1022 1979 1214 2042; x_wconf 83' lang='lat' dir='ltr'>expressam,</span> 
     </span>
     <span class='ocr_line' id='line_1_16' title="bbox 83 2063 1216 2152; baseline 0.004 -25"><span class='ocrx_word' id='word_1_111' title='bbox 83 2066 114 2126; x_wconf 88' lang='lat' dir='ltr'>ut</span> <span class='ocrx_word' id='word_1_112' title='bbox 138 2085 196 2128; x_wconf 88' lang='lat' dir='ltr'>nec</span> <span class='ocrx_word' id='word_1_113' title='bbox 224 2063 459 2148; x_wconf 85' lang='lat' dir='ltr'>putidissimam</span> <span class='ocrx_word' id='word_1_114' title='bbox 492 2085 550 2148; x_wconf 91' lang='lat' dir='ltr'>pro</span> <span class='ocrx_word' id='word_1_115' title='bbox 577 2065 662 2128; x_wconf 87' lang='lat' dir='ltr'>illius</span> <span class='ocrx_word' id='word_1_116' title='bbox 695 2065 811 2130; x_wconf 86' lang='lat' dir='ltr'>aetatis</span> <span class='ocrx_word' id='word_1_117' title='bbox 844 2087 931 2130; x_wconf 91' lang='lat' dir='ltr'>more</span> <span class='ocrx_word' id='word_1_118' title='bbox 965 2067 1216 2152; x_wconf 83' lang='lat' dir='ltr'>interpungendi</span> 
     </span>
     <span class='ocr_line' id='line_1_17' title="bbox 83 2173 1216 2258; baseline 0.004 -22"><span class='ocrx_word' id='word_1_119' title='bbox 83 2174 230 2238; x_wconf 85' lang='lat' dir='ltr'>rationem</span> <span class='ocrx_word' id='word_1_120' title='bbox 253 2195 313 2240; x_wconf 88' lang='lat' dir='ltr'>nec</span> <span class='ocrx_word' id='word_1_121' title='bbox 332 2173 493 2240; x_wconf 89' lang='lat' dir='ltr'>scribendi</span> <span class='ocrx_word' id='word_1_122' title='bbox 516 2175 774 2258; x_wconf 89' lang='lat' dir='ltr'>compendiorum</span> <span class='ocrx_word' id='word_1_123' title='bbox 796 2176 958 2240; x_wconf 88' lang='lat' dir='ltr'>infinitam</span> <span class='ocrx_word' id='word_1_124' title='bbox 978 2177 1216 2241; x_wconf 89' lang='lat' dir='ltr'>multitudinem</span> 
     </span>
     <span class='ocr_line' id='line_1_18' title="bbox 83 2285 1215 2369; baseline 0.006 -24"><span class='ocrx_word' id='word_1_125' title='bbox 83 2303 135 2348; x_wconf 87' lang='lat' dir='ltr'>nec</span> <span class='ocrx_word' id='word_1_126' title='bbox 160 2285 444 2369; x_wconf 81' lang='lat' dir='ltr'>orthographicum</span> <span class='ocrx_word' id='word_1_127' title='bbox 476 2305 577 2368; x_wconf 84' lang='lat' dir='ltr'>genus</span> <span class='ocrx_word' id='word_1_128' title='bbox 606 2305 700 2348; x_wconf 89' lang='lat' dir='ltr'>omne</span> <span class='ocrx_word' id='word_1_129' title='bbox 728 2285 822 2350; x_wconf 91' lang='lat' dir='ltr'>hodie</span> <span class='ocrx_word' id='word_1_130' title='bbox 849 2286 1026 2350; x_wconf 86' lang='lat' dir='ltr'>obsoletum</span> <span class='ocrx_word' id='word_1_131' title='bbox 1058 2286 1215 2352; x_wconf 85' lang='lat' dir='ltr'>inutiliter</span> 
     </span>
     <span class='ocr_line' id='line_1_19' title="bbox 83 2395 1215 2480; baseline 0.003 -23"><span class='ocrx_word' id='word_1_132' title='bbox 83 2414 251 2479; x_wconf 78' lang='lat' dir='ltr'>servaram,</span> <span class='ocrx_word' id='word_1_133' title='bbox 283 2395 522 2480; x_wconf 82' lang='lat' dir='ltr'>typothetarum</span> <span class='ocrx_word' id='word_1_134' title='bbox 549 2398 656 2459; x_wconf 89' lang='lat' dir='ltr'>autem</span> <span class='ocrx_word' id='word_1_135' title='bbox 684 2415 805 2459; x_wconf 87' lang='lat' dir='ltr'>errores</span> <span class='ocrx_word' id='word_1_136' title='bbox 834 2395 959 2460; x_wconf 91' lang='lat' dir='ltr'>adiecta</span> <span class='ocrx_word' id='word_1_137' title='bbox 992 2395 1215 2460; x_wconf 86' lang='lat' dir='ltr'>emendatione</span> 
     </span>
     <span class='ocr_line' id='line_1_20' title="bbox 83 2501 1215 2590; baseline 0.004 -25"><span class='ocrx_word' id='word_1_138' title='bbox 83 2501 299 2585; x_wconf 81' lang='lat' dir='ltr'>significarem.</span> <span class='ocrx_word' id='word_1_139' title='bbox 350 2503 400 2568; x_wconf 77' lang='lat' dir='ltr'>nx</span> <span class='ocrx_word' id='word_1_140' title='bbox 427 2525 465 2568; x_wconf 89' lang='lat' dir='ltr'>ea</span> <span class='ocrx_word' id='word_1_141' title='bbox 493 2503 593 2589; x_wconf 74' lang='lat' dir='ltr'>igitur</span> <span class='ocrx_word' id='word_1_142' title='bbox 620 2505 886 2588; x_wconf 88' lang='lat' dir='ltr'>interpretatione</span> <span class='ocrx_word' id='word_1_143' title='bbox 914 2527 995 2590; x_wconf 87' lang='lat' dir='ltr'>quae</span> <span class='ocrx_word' id='word_1_144' title='bbox 1022 2505 1090 2570; x_wconf 88' lang='lat' dir='ltr'>lieri</span> <span class='ocrx_word' id='word_1_145' title='bbox 1123 2527 1215 2590; x_wconf 85' lang='lat' dir='ltr'>posse</span> 
     </span>
     <span class='ocr_line' id='line_1_21' title="bbox 83 2610 1215 2700; baseline 0.005 -26"><span class='ocrx_word' id='word_1_146' title='bbox 83 2610 116 2674; x_wconf 90' lang='lat' dir='ltr'>dc</span> <span class='ocrx_word' id='word_1_147' title='bbox 136 2635 251 2698; x_wconf 79' lang='lat' dir='ltr'>graeco</span> <span class='ocrx_word' id='word_1_148' title='bbox 281 2613 360 2698; x_wconf 82' lang='lat' dir='ltr'>Lepi</span> <span class='ocrx_word' id='word_1_149' title='bbox 389 2613 497 2680; x_wconf 88' lang='lat' dir='ltr'>codice</span> <span class='ocrx_word' id='word_1_150' title='bbox 523 2614 724 2678; x_wconf 86' lang='lat' dir='ltr'>coniecturae</span> <span class='ocrx_word' id='word_1_151' title='bbox 746 2615 930 2679; x_wconf 88' lang='lat' dir='ltr'>viderentur</span> <span class='ocrx_word' id='word_1_152' title='bbox 950 2653 994 2665; x_wconf 89' lang='lat'>-</span> <span class='ocrx_word' id='word_1_153' title='bbox 1015 2615 1215 2700; x_wconf 88' lang='lat' dir='ltr'>aliquantum</span> 
     </span>
    </p>
   </div>
   <div class='ocr_carea' id='block_1_3' title="bbox 84 2722 1214 2919">
    <p class='ocr_par' dir='ltr' id='par_1_3' title="bbox 84 2722 1214 2919">
     <span class='ocr_line' id='line_1_22' title="bbox 84 2722 1214 2810; baseline 0.002 -24"><span class='ocrx_word' id='word_1_154' title='bbox 84 2722 160 2786; x_wconf 84' lang='lat' dir='ltr'>enim</span> <span class='ocrx_word' id='word_1_155' title='bbox 191 2746 250 2788; x_wconf 89' lang='lat' dir='ltr'>sua</span> <span class='ocrx_word' id='word_1_156' title='bbox 283 2727 398 2808; x_wconf 88' lang='lat' dir='ltr'>sponte</span> <span class='ocrx_word' id='word_1_157' title='bbox 433 2723 632 2808; x_wconf 81' lang='lat' dir='ltr'>intellegitur</span> <span class='ocrx_word' id='word_1_158' title='bbox 668 2724 853 2808; x_wconf 89' lang='lat' dir='ltr'>interpretis</span> <span class='ocrx_word' id='word_1_159' title='bbox 869 2805 872 2810; x_wconf 27' lang='grc' dir='ltr'>Ι</span> <span class='ocrx_word' id='word_1_160' title='bbox 889 2725 1039 2792; x_wconf 86' lang='lat' dir='ltr'>licentiae</span> <span class='ocrx_word' id='word_1_161' title='bbox 1075 2725 1214 2790; x_wconf 89' lang='lat' dir='ltr'>dandum</span> 
     </span>
     <span class='ocr_line' id='line_1_23' title="bbox 84 2833 586 2919; baseline 0.006 -24"><span class='ocrx_word' id='word_1_162' title='bbox 84 2851 144 2896; x_wconf 87' lang='lat' dir='ltr'>esse</span> <span class='ocrx_word' id='word_1_163' title='bbox 162 2871 204 2884; x_wconf 91' lang='lat'>·-</span> <span class='ocrx_word' id='word_1_164' title='bbox 231 2839 257 2898; x_wconf 86' lang='lat' dir='ltr'><em>L</em></span> <span class='ocrx_word' id='word_1_165' title='bbox 285 2833 394 2898; x_wconf 87' lang='lat' dir='ltr'>littera</span> <span class='ocrx_word' id='word_1_166' title='bbox 422 2833 542 2898; x_wconf 83' lang='lat' dir='ltr'>notari.</span> <span class='ocrx_word' id='word_1_167' title='bbox 555 2833 586 2919; x_wconf 83' lang='grc'>*)</span> 
     </span>
    </p>
   </div>
   <div class='ocr_carea' id='block_1_4' title="bbox 82 3161 1265 3906">
    <p class='ocr_par' dir='ltr' id='par_1_4' title="bbox 82 3161 1265 3906">
     <span class='ocr_line' id='line_1_24' title="bbox 157 3161 1265 3248; baseline 0 -22"><span class='ocrx_word' id='word_1_168' title='bbox 157 3163 271 3226; x_wconf 90' lang='lat' dir='ltr'>Omnis</span> <span class='ocrx_word' id='word_1_169' title='bbox 293 3161 333 3226; x_wconf 88' lang='lat' dir='ltr'>de</span> <span class='ocrx_word' id='word_1_170' title='bbox 354 3183 428 3227; x_wconf 89' lang='lat' dir='ltr'>mss.</span> <span class='ocrx_word' id='word_1_171' title='bbox 453 3163 599 3247; x_wconf 84' lang='lat' dir='ltr'>Dionysii</span> <span class='ocrx_word' id='word_1_172' title='bbox 629 3162 790 3227; x_wconf 86' lang='lat' dir='ltr'>codicibus</span> <span class='ocrx_word' id='word_1_173' title='bbox 819 3163 994 3248; x_wconf 83' lang='lat' dir='ltr'>disputatio</span> <span class='ocrx_word' id='word_1_174' title='bbox 1023 3167 1133 3228; x_wconf 87' lang='lat' dir='ltr'>nostra</span> <span class='ocrx_word' id='word_1_175' title='bbox 1159 3165 1214 3228; x_wconf 90' lang='lat' dir='ltr'>du·</span> <span class='ocrx_word' id='word_1_176' title='bbox 1234 3178 1265 3226; x_wconf 80' lang='lat'>16</span> 
     </span>
     <span class='ocr_line' id='line_1_25' title="bbox 83 3269 1214 3356; baseline 0.005 -24"><span class='ocrx_word' id='word_1_177' title='bbox 83 3269 146 3351; x_wconf 79' lang='lat' dir='ltr'>pler</span> <span class='ocrx_word' id='word_1_178' title='bbox 160 3272 231 3336; x_wconf 87' lang='lat' dir='ltr'>erit.</span> <span class='ocrx_word' id='word_1_179' title='bbox 267 3271 409 3336; x_wconf 88' lang='lat' dir='ltr'>Primum</span> <span class='ocrx_word' id='word_1_180' title='bbox 432 3271 517 3336; x_wconf 86' lang='lat' dir='ltr'>euim</span> <span class='ocrx_word' id='word_1_181' title='bbox 540 3273 755 3356; x_wconf 88' lang='lat' dir='ltr'>quaerendum</span> <span class='ocrx_word' id='word_1_182' title='bbox 778 3276 826 3336; x_wconf 86' lang='lat' dir='ltr'>eat</span> <span class='ocrx_word' id='word_1_183' title='bbox 848 3273 887 3336; x_wconf 88' lang='lat' dir='ltr'>de</span> <span class='ocrx_word' id='word_1_184' title='bbox 904 3273 1077 3338; x_wconf 81' lang='lat' dir='ltr'>universis:</span> <span class='ocrx_word' id='word_1_185' title='bbox 1100 3273 1214 3338; x_wconf 90' lang='lat' dir='ltr'>deinde</span> 
     </span>
     <span class='ocr_line' id='line_1_26' title="bbox 83 3380 1214 3466; baseline 0.004 -23"><span class='ocrx_word' id='word_1_186' title='bbox 83 3399 211 3445; x_wconf 85' lang='lat' dir='ltr'>seorsum</span> <span class='ocrx_word' id='word_1_187' title='bbox 234 3381 274 3446; x_wconf 94' lang='lat' dir='ltr'>de</span> <span class='ocrx_word' id='word_1_188' title='bbox 290 3381 335 3444; x_wconf 89' lang='lat' dir='ltr'>eis</span> <span class='ocrx_word' id='word_1_189' title='bbox 352 3380 533 3464; x_wconf 90' lang='lat' dir='ltr'>dicendum,</span> <span class='ocrx_word' id='word_1_190' title='bbox 557 3403 689 3466; x_wconf 90' lang='lat' dir='ltr'>quorum</span> <span class='ocrx_word' id='word_1_191' title='bbox 712 3383 804 3446; x_wconf 86' lang='lat' dir='ltr'>nobis</span> <span class='ocrx_word' id='word_1_192' title='bbox 827 3383 867 3446; x_wconf 86' lang='lat' dir='ltr'>ed</span> <span class='ocrx_word' id='word_1_193' title='bbox 890 3382 1105 3448; x_wconf 88' lang='lat' dir='ltr'>emendandas</span> <span class='ocrx_word' id='word_1_194' title='bbox 1122 3383 1214 3447; x_wconf 86' lang='lat' dir='ltr'>Anti-</span> 
     </span>
     <span class='ocr_line' id='line_1_27' title="bbox 83 3491 1215 3576; baseline 0.002 -22"><span class='ocrx_word' id='word_1_195' title='bbox 83 3491 210 3570; x_wconf 84' lang='lat' dir='ltr'>quilates</span> <span class='ocrx_word' id='word_1_196' title='bbox 239 3491 332 3574; x_wconf 88' lang='lat' dir='ltr'>copia</span> <span class='ocrx_word' id='word_1_197' title='bbox 359 3491 447 3556; x_wconf 83' lang='lat' dir='ltr'>facta</span> <span class='ocrx_word' id='word_1_198' title='bbox 476 3494 533 3555; x_wconf 86' lang='lat' dir='ltr'>est.</span> <span class='ocrx_word' id='word_1_199' title='bbox 584 3491 782 3576; x_wconf 85' lang='lat' dir='ltr'>Quamquam</span> <span class='ocrx_word' id='word_1_200' title='bbox 817 3493 914 3556; x_wconf 89' lang='lat' dir='ltr'>etiarn</span> <span class='ocrx_word' id='word_1_201' title='bbox 947 3494 1110 3556; x_wconf 87' lang='lat' dir='ltr'>universos</span> <span class='ocrx_word' id='word_1_202' title='bbox 1144 3515 1215 3556; x_wconf 88' lang='lat' dir='ltr'>curn</span> 
     </span>
     <span class='ocr_line' id='line_1_28' title="bbox 83 3596 1215 3686; baseline 0.006 -27"><span class='ocrx_word' id='word_1_203' title='bbox 83 3596 160 3683; x_wconf 86' lang='lat' dir='ltr'>dico,</span> <span class='ocrx_word' id='word_1_204' title='bbox 187 3623 255 3666; x_wconf 90' lang='lat' dir='ltr'>non</span> <span class='ocrx_word' id='word_1_205' title='bbox 284 3601 390 3684; x_wconf 79' lang='lat' dir='ltr'>cogito</span> <span class='ocrx_word' id='word_1_206' title='bbox 419 3599 457 3664; x_wconf 91' lang='lat' dir='ltr'>dc</span> <span class='ocrx_word' id='word_1_207' title='bbox 480 3601 627 3665; x_wconf 90' lang='lat' dir='ltr'>omnibus</span> <span class='ocrx_word' id='word_1_208' title='bbox 656 3607 865 3686; x_wconf 84' lang='lat' dir='ltr'>quotcumque</span> <span class='ocrx_word' id='word_1_209' title='bbox 899 3605 1045 3685; x_wconf 86' lang='lat' dir='ltr'>exstant,</span> <span class='ocrx_word' id='word_1_210' title='bbox 1079 3602 1133 3666; x_wconf 88' lang='lat' dir='ltr'>sed</span> <span class='ocrx_word' id='word_1_211' title='bbox 1162 3623 1215 3666; x_wconf 91' lang='lat' dir='ltr'>eos</span> 
     </span>
     <span class='ocr_line' id='line_1_29' title="bbox 82 3709 1215 3796; baseline 0.006 -28"><span class='ocrx_word' id='word_1_212' title='bbox 82 3713 198 3792; x_wconf 84' lang='lat' dir='ltr'>specto,</span> <span class='ocrx_word' id='word_1_213' title='bbox 226 3731 358 3794; x_wconf 90' lang='lat' dir='ltr'>qnorum</span> <span class='ocrx_word' id='word_1_214' title='bbox 385 3709 500 3794; x_wconf 87' lang='lat' dir='ltr'>aliquis</span> <span class='ocrx_word' id='word_1_215' title='bbox 529 3711 700 3795; x_wconf 89' lang='lat' dir='ltr'>aliquando</span> <span class='ocrx_word' id='word_1_216' title='bbox 728 3733 801 3775; x_wconf 70' lang='lat' dir='ltr'>ustis</span> <span class='ocrx_word' id='word_1_217' title='bbox 824 3711 897 3776; x_wconf 89' lang='lat' dir='ltr'>fuit.</span> <span class='ocrx_word' id='word_1_218' title='bbox 941 3711 1027 3777; x_wconf 90' lang='lat' dir='ltr'>Nam</span> <span class='ocrx_word' id='word_1_219' title='bbox 1047 3716 1083 3776; x_wconf 88' lang='lat' dir='ltr'>ut</span> <span class='ocrx_word' id='word_1_220' title='bbox 1105 3713 1215 3796; x_wconf 86' lang='lat' dir='ltr'>paucis</span> 
     </span>
     <span class='ocr_line' id='line_1_30' title="bbox 84 3818 1215 3906; baseline 0.006 -29"><span class='ocrx_word' id='word_1_221' title='bbox 84 3818 284 3901; x_wconf 85' lang='lat' dir='ltr'>complectar,</span> <span class='ocrx_word' id='word_1_222' title='bbox 309 3820 450 3884; x_wconf 90' lang='lat' dir='ltr'>omnium</span> <span class='ocrx_word' id='word_1_223' title='bbox 472 3820 663 3884; x_wconf 87' lang='lat' dir='ltr'>difficillima</span> <span class='ocrx_word' id='word_1_224' title='bbox 686 3822 829 3904; x_wconf 91' lang='lat' dir='ltr'>quaestio</span> <span class='ocrx_word' id='word_1_225' title='bbox 851 3821 931 3886; x_wconf 91' lang='lat' dir='ltr'>haec</span> <span class='ocrx_word' id='word_1_226' title='bbox 954 3823 1019 3905; x_wconf 90' lang='lat' dir='ltr'>est,</span> <span class='ocrx_word' id='word_1_227' title='bbox 1043 3822 1215 3906; x_wconf 90' lang='lat' dir='ltr'>quomodo</span> 
     </span>
    </p>
   </div>
   <div class='ocr_carea' id='block_1_5' title="bbox 83 3922 1214 4015">
    <p class='ocr_par' dir='ltr' id='par_1_5' title="bbox 83 3922 1214 4015">
     <span class='ocr_line' id='line_1_31' title="bbox 83 3922 1214 4015; baseline 0.006 -28"><span class='ocrx_word' id='word_1_228' title='bbox 83 3922 213 3993; x_wconf 85' lang='lat' dir='ltr'>interae</span> <span class='ocrx_word' id='word_1_229' title='bbox 236 3929 287 3992; x_wconf 85' lang='lat' dir='ltr'>vel</span> <span class='ocrx_word' id='word_1_230' title='bbox 309 3929 461 3994; x_wconf 82' lang='lat' dir='ltr'>differant</span> <span class='ocrx_word' id='word_1_231' title='bbox 481 3930 533 3995; x_wconf 85' lang='lat' dir='ltr'>vel</span> <span class='ocrx_word' id='word_1_232' title='bbox 555 3951 621 3994; x_wconf 87' lang='lat' dir='ltr'>non</span> <span class='ocrx_word' id='word_1_233' title='bbox 643 3929 794 3996; x_wconf 84' lang='lat' dir='ltr'>differant</span> <span class='ocrx_word' id='word_1_234' title='bbox 815 3931 959 4015; x_wconf 86' lang='lat' dir='ltr'>usurpati</span> <span class='ocrx_word' id='word_1_235' title='bbox 976 3932 1017 3995; x_wconf 90' lang='lat' dir='ltr'>ab</span> <span class='ocrx_word' id='word_1_236' title='bbox 1032 3930 1131 4014; x_wconf 90' lang='lat' dir='ltr'>Lapo,</span> <span class='ocrx_word' id='word_1_237' title='bbox 1147 3930 1214 4014; x_wconf 84' lang='lat' dir='ltr'>Syl-</span> 
     </span>
    </p>
   </div>
   <div class='ocr_carea' id='block_1_6' title="bbox 139 4101 274 4110">
    <p class='ocr_par' dir='ltr' id='par_1_6' title="bbox 139 4101 274 4110">
     <span class='ocr_line' id='line_1_32' title="bbox 139 4101 274 4110; baseline 0.037 -4"><span class='ocrx_word' id='word_1_238' title='bbox 139 4101 274 4110; x_wconf 54' lang='lat'>.-—·----</span> 
     </span>
    </p>
   </div>
   <div class='ocr_carea' id='block_1_7' title="bbox 83 4196 1215 4458">
    <p class='ocr_par' dir='ltr' id='par_1_7' title="bbox 83 4196 1215 4458">
     <span class='ocr_line' id='line_1_33' title="bbox 141 4196 1213 4270; baseline 0.003 -19"><span class='ocrx_word' id='word_1_239' title='bbox 141 4196 167 4265; x_wconf 70' lang='lat'>*)</span> <span class='ocrx_word' id='word_1_240' title='bbox 189 4197 255 4266; x_wconf 90' lang='lat' dir='ltr'>[Hic</span> <span class='ocrx_word' id='word_1_241' title='bbox 274 4197 339 4253; x_wconf 92' lang='lat' dir='ltr'>olim</span> <span class='ocrx_word' id='word_1_242' title='bbox 357 4201 453 4254; x_wconf 85' lang='lat' dir='ltr'>secuta</span> <span class='ocrx_word' id='word_1_243' title='bbox 471 4203 536 4254; x_wconf 88' lang='lat' dir='ltr'>sunt</span> <span class='ocrx_word' id='word_1_244' title='bbox 554 4207 641 4270; x_wconf 72' lang='lat' dir='ltr'>apd</span> <span class='ocrx_word' id='word_1_245' title='bbox 658 4199 694 4256; x_wconf 85' lang='lat' dir='ltr'>ad</span> <span class='ocrx_word' id='word_1_246' title='bbox 715 4207 745 4256; x_wconf 81' lang='lat'>1⁵</span> <span class='ocrx_word' id='word_1_247' title='bbox 764 4200 857 4270; x_wconf 82' lang='lat' dir='ltr'>capita</span> <span class='ocrx_word' id='word_1_248' title='bbox 875 4199 990 4254; x_wconf 86' lang='lat' dir='ltr'>l-Vlll</span> <span class='ocrx_word' id='word_1_249' title='bbox 1009 4199 1213 4267; x_wconf 81' lang='lat' dir='ltr'>Antiquitatum</span> 
     </span>
     <span class='ocr_line' id='line_1_34' title="bbox 83 4287 1215 4363; baseline 0.005 -23"><span class='ocrx_word' id='word_1_250' title='bbox 83 4287 176 4354; x_wconf 83' lang='lat' dir='ltr'>prima,</span> <span class='ocrx_word' id='word_1_251' title='bbox 198 4289 323 4346; x_wconf 84' lang='lat' dir='ltr'>subiecta</span> <span class='ocrx_word' id='word_1_252' title='bbox 345 4291 436 4346; x_wconf 84' lang='lat' dir='ltr'>verbis</span> <span class='ocrx_word' id='word_1_253' title='bbox 458 4292 568 4361; x_wconf 80' lang='lat' dir='ltr'>graecis</span> <span class='ocrx_word' id='word_1_254' title='bbox 586 4310 647 4348; x_wconf 92' lang='lat' dir='ltr'>cnm</span> <span class='ocrx_word' id='word_1_255' title='bbox 671 4293 853 4349; x_wconf 86' lang='lat' dir='ltr'>adnotatione</span> <span class='ocrx_word' id='word_1_256' title='bbox 877 4293 972 4347; x_wconf 86' lang='lat' dir='ltr'>critica</span> <span class='ocrx_word' id='word_1_257' title='bbox 999 4295 1058 4346; x_wconf 89' lang='lat' dir='ltr'>tum</span> <span class='ocrx_word' id='word_1_258' title='bbox 1081 4293 1215 4363; x_wconf 88' lang='lat' dir='ltr'>interpro-</span> 
     </span>
     <span class='ocr_line' id='line_1_35' title="bbox 84 4377 1137 4458; baseline 0.008 -26"><span class='ocrx_word' id='word_1_259' title='bbox 84 4377 181 4436; x_wconf 83' lang='lat' dir='ltr'>tatione</span> <span class='ocrx_word' id='word_1_260' title='bbox 198 4383 269 4454; x_wconf 88' lang='lat' dir='ltr'>Lapi</span> <span class='ocrx_word' id='word_1_261' title='bbox 290 4384 388 4441; x_wconf 79' lang='lat' dir='ltr'>latina:</span> <span class='ocrx_word' id='word_1_262' title='bbox 418 4403 490 4454; x_wconf 90' lang='lat' dir='ltr'>quae</span> <span class='ocrx_word' id='word_1_263' title='bbox 509 4386 602 4442; x_wconf 88' lang='lat' dir='ltr'>omnia</span> <span class='ocrx_word' id='word_1_264' title='bbox 620 4405 692 4442; x_wconf 90' lang='lat' dir='ltr'>nunc</span> <span class='ocrx_word' id='word_1_265' title='bbox 710 4405 771 4444; x_wconf 85' lang='lat' dir='ltr'>esse</span> <span class='ocrx_word' id='word_1_266' title='bbox 790 4387 941 4444; x_wconf 82' lang='lat' dir='ltr'>resecanda</span> <span class='ocrx_word' id='word_1_267' title='bbox 958 4385 1137 4458; x_wconf 76' lang='lat' dir='ltr'>putarimus]</span> 
     </span>
    </p>
   </div>
   <div class='ocr_carea' id='block_1_8' title="bbox 0 0 1480 5132">
    <p class='ocr_par' dir='ltr' id='par_1_8' title="bbox 0 0 1480 5132">
     <span class='ocr_line' id='line_1_36' title="bbox 0 0 1480 5132; baseline 0 0"><span class='ocrx_word' id='word_1_268' title='bbox 0 0 1480 5132; x_wconf 95' lang='lat' dir='ltr'> </span> 
     </span>
    </p>
   </div>
  </div>
 </body>
</html>
