2982 5146
303 349 361 412 128
604 367 851 414 caronnamrn
877 367 1143 414 nrsrvrarroms

299 519 383 580 Nam
406 541 466 602 quo
490 519 522 581 in
546 519 614 581 loco
639 519 672 580 in
696 520 821 581 brevius
838 519 1025 581 contrahere
1040 518 1138 580 etiam
1158 518 1260 581 latino
1281 539 1420 602 gramma-

265 628 363 690 orico
391 629 528 710 placuit,
563 629 607 691 ibi
641 629 670 690 id
702 633 733 691 et
763 631 883 691 fatetur
917 630 984 710 ipse
1015 629 1058 712 (r.
1088 629 1129 692 65
1156 641 1218 712 sq.)
1247 635 1279 691 et
1311 650 1421 710 prorsas

299 739 489 801 obmutescit
521 760 664 822 graecus.
726 739 752 800 E
790 761 846 801 sna
884 761 1019 820 persona
1057 739 1239 821 loquentem
1279 737 1421 800 hominen

299 847 579 930 deprehendimus,
615 849 666 910 ubi
697 849 786 910 addit
813 873 843 911 r.
873 851 915 912 34
942 848 1019 926 ἠεαν
1049 851 1083 912 δὲ
1111 850 1160 912 καὶ
1187 855 1255 912 τῶν
1286 850 1421 928 Ἑβραίων

299 959 438 1023 αὐτῶν.
476 958 638 1022 licentius
658 962 926 1022 eonmrentantem
942 961 1079 1020 testatur
1094 957 1173 1039 hoe,
1189 957 1271 1040 quod
1288 957 1422 1019 omissam

298 1069 338 1129 ab
379 1069 471 1130 initio
512 1068 665 1132 Zenodoti
711 1068 894 1131 memoriam
932 1091 960 1129 r.
997 1067 1123 1130 demum
1156 1068 1197 1130 55
1232 1067 1422 1150 interposuit:

297 1200 377 1260 qliae
415 1178 540 1261 quidem
577 1201 688 1241 caussa
722 1179 859 1249 exstitit,
899 1200 953 1241 eur
989 1179 1033 1241 ὡ(
1070 1178 1172 1256 ἔφθην
1207 1179 1307 1242 εἰπών
1335 1177 1423 1239 verbis

299 1289 471 1369 repetenda
505 1290 532 1350 ei
566 1289 604 1350 de
638 1289 822 1350 Alexandro
855 1293 886 1349 et
918 1288 1126 1370 Lyeoplnone
1162 1288 1304 1349 narratio
1343 1303 1422 1349 esser:

299 1399 397 1458 multo
425 1404 530 1461 rentem
560 1399 664 1481 magis
693 1402 853 1478 testantur
886 1397 924 1460 de
953 1398 1046 1460 rebus
1078 1397 1257 1459 Homericis
1289 1396 1423 1476 deinceps

299 1508 411 1588 posita.
471 1509 577 1591 Atque
610 1513 684 1570 sunt
718 1508 796 1570 haec
831 1507 982 1569 eiusmodi
1015 1513 1067 1588 ut,
1107 1506 1262 1589 quomodo
1295 1530 1313 1568 e
1347 1504 1423 1568 latini

298 1617 481 1699 interpretis
510 1619 653 1700 exemplo
687 1640 803 1698 graeco
837 1617 953 1680 codicis
987 1617 1123 1680 Parisini
1157 1618 1253 1679 rerba
1288 1633 1422 1696 excerpta

297 1727 377 1808 sint,
410 1749 537 1808 prorsus
567 1729 731 1810 pervideas
755 1733 786 1789 et
814 1750 871 1810 per
893 1727 1021 1810 singula
1045 1726 1205 1788 commode
1234 1746 1422 1809 persequare.

298 1835 382 1897 Satis
406 1838 490 1898 enim
514 1843 631 1900 temere
656 1861 692 1900 ae
717 1838 767 1900 rix
791 1838 855 1899 ullo
883 1841 978 1919 pacto
1001 1836 1145 1898 discretis
1175 1834 1308 1898 diversis
1338 1835 1424 1896 diva-

297 1968 402 2007 sorum
425 1947 616 2009 testimoniis
640 1970 774 2030 graecus
798 1947 951 2029 magister
973 1947 1110 2028 primurn
1126 1967 1142 2007 e
1158 1946 1335 2027 posteriore
1358 1945 1423 2008 loco.

299 2061 332 2116 ut
359 2057 462 2138 magis
491 2057 550 2118 sibi
580 2059 825 2140 aequalilrusrpie
855 2057 1061 2128 fanriliarmn,
1092 2054 1256 2117 Heliodori
1286 2055 1424 2117 fabellam

297 2166 411 2228 aseivit
440 2189 457 2227 a
488 2167 581 2229 (ferio
611 2168 789 2249 explosam.
828 2168 872 2228 ita
904 2166 1029 2249 (pridem
1058 2171 1093 2227 ut
1120 2163 1278 2227 obiectum
1309 2165 1350 2227 ab
1378 2165 1424 2225 hoc

297 2280 521 2358 argumentum
550 2277 732 2339 futilis-sima
761 2277 965 2338 excusatione
999 2277 1137 2337 elevaret
1170 2275 1296 2356 (ἄλλων
1331 2275 1425 2338 ὄντων

295 2388 421 2450 τούτων
444 2394 509 2451 τῶν
533 2388 583 2450 ἐπὶ
606 2389 807 2464 Πτολεμαίου
836 2387 1112 2466 διορθωεάντων);
1141 2385 1293 2466 deinceps
1321 2391 1423 2448 antem.

297 2496 377 2577 quod
418 2497 451 2557 in
491 2497 575 2558 illius
615 2496 785 2559 commenti
823 2497 927 2558 loernn
967 2494 1076 2558 (locius
1119 2495 1186 2576 ipse
1228 2494 1423 2556 substituerat

296 2606 426 2687 reliquis
449 2607 674 2686 praemissum,
700 2628 757 2688 pro
774 2628 859 2668 more
882 2607 1102 2688 graeculorum
1124 2603 1259 2666 istormn
1277 2602 1424 2687 ambiguis

295 2715 324 2777 οἱ
358 2718 393 2778 δέ
424 2717 543 2778 voculis
577 2717 741 2779 annexuit.
793 2719 880 2790 Quae
915 2738 985 2777 cum
1016 2715 1062 2776 ita
1096 2714 1175 2791 sint,
1212 2714 1302 2776 nulla
1332 2720 1423 2777 autern

295 2825 511 2906 amplificandi
540 2848 635 2908 opera
664 2851 680 2888 e
709 2826 833 2906 graecis
867 2825 1020 2886 l’arisinis
1054 2824 1149 2885 dueta
1178 2844 1245 2885 esse
1276 2825 1326 2886 rel
1359 2823 1424 2885 haec

296 2935 437 2996 narratio
467 2937 559 2997 latini
588 2937 772 3018 interpretis
802 2936 849 2996 rel
880 2935 958 3014 alia,
994 2933 1107 3016 quibus
1139 2933 1191 2995 hie
1218 2933 1349 2996 uberior
1376 2940 1423 2994 est.

297 3045 431 3124 possint:
461 3046 695 3108 desinentiam
721 3047 873 3125 claruere,
904 3045 929 3105 si
954 3044 1006 3126 qui
1035 3049 1105 3126 post
1130 3047 1291 3124 repertum
1314 3044 1423 3106 seilicet

295 3174 444 3234 graelum
467 3157 590 3218 sontem
614 3163 717 3218 aetum
743 3178 810 3217 esse
834 3156 871 3217 de
895 3154 1007 3216 scholii
1030 3154 1122 3216 latini
1146 3153 1205 3216 lide
1222 3154 1272 3215 vel
1296 3153 1424 3216 utilitate

295 3262 353 3324 sibi
380 3266 602 3344 persuaserint.
649 3265 874 3346 lleputandum
896 3266 979 3327 eninr
1004 3267 1130 3346 praeter
1154 3268 1275 3346 cetera,
1301 3285 1380 3346 quae
1400 3270 1423 3322 et

294 3373 399 3454 (pratia
423 3375 562 3437 tribuere
586 3377 702 3437 saeculi
720 3375 779 3437 XV
795 3375 915 3437 homini
934 3375 1014 3436 Italo
1037 3373 1168 3435 audeas:
1192 3396 1286 3455 quern
1309 3373 1423 3457 quidem

295 3485 371 3545 satis
406 3485 658 3547 demonstraturir
695 3492 843 3568 putamus
878 3489 1038 3546 auctorem
1074 3506 1142 3547 esse
1180 3483 1301 3545 latinae
1338 3484 1423 3545 inter·

294 3596 492 3672 pretationis.
539 3595 655 3668 Quodsi
684 3595 716 3656 in
743 3595 801 3656 liae
825 3596 894 3677 ipsa
919 3595 1141 3676 apparuerint,
1174 3594 1311 3676 quaein
1335 3589 1424 3672 suspi-

295 3701 414 3764 tionem
449 3705 560 3766 adduci
596 3727 781 3787 graecorum
816 3705 1031 3787 discrepantia
1066 3704 1248 3785 rideantur,
1288 3725 1342 3781 ea,
1380 3699 1422 3760 ulri

294 3810 332 3872 ad
363 3812 530 3876 imlieanda
558 3816 684 3894 singula
718 3819 903 3896 perventum
933 3815 1007 3879 erit,
1041 3814 1168 3875 silentio
1196 3835 1262 3874 non
1294 3821 1421 3894 praeter-

295 3922 470 3987 mittentur.

825 4013 896 4086 §a

763 4127 814 4188 lle
838 4129 962 4191 (lec-io.

259 4277 272 4323 7
377 4255 659 4316 (⁸ouiunctissimus
682 4259 786 4316 autem
812 4278 881 4316 cum
906 4255 966 4322 eis,
997 4276 1076 4336 quae
1101 4254 1191 4315 incido
1215 4249 1420 4334 argumentati

294 4384 398 4423 suiuus
416 4385 620 4446 apiaruqmrm
638 4388 699 4427 uon
727 4366 767 4426 itu
795 4366 998 4429 coniuratus,
1025 4369 1057 4424 ut
1082 4387 1118 4425 or
1144 4364 1188 4424 eis
1211 4365 1314 4425 urruns
1338 4381 1419 4438 argu·
