2976 5140
484 389 530 436 mr
553 389 623 438 oso
646 389 690 436 m
713 389 855 438 amous.
1177 371 1237 436 661

622 573 642 650 e
664 569 717 633 se.

183 705 292 770 Vnum
311 707 423 788 restat,
447 707 483 770 ut
505 705 621 770 index
644 705 883 788 scriptorum
898 704 1082 786 subiciatur,
1106 725 1239 788 quorum

99 817 181 882 Orus
210 815 354 880 Milesius
381 815 574 880 testimoniis
601 837 675 880 usus
705 819 763 878 est.
809 813 908 890 Quem
937 815 983 878 ita
1010 813 1237 898 pertexuimus,

98 931 133 990 ut
154 927 247 991 uncis
269 927 486 1012 signaremus,
514 925 549 989 in
571 947 651 1010 quae
674 925 806 989 nomina
828 946 866 988 ea
888 923 1045 988 dubitatio
1068 923 1170 1008 cadit,
1200 925 1239 988 de

98 1059 160 1122 qua
182 1037 304 1101 dictum
327 1040 347 1118 5
370 1037 427 1118 21,
454 1037 482 1100 1.
527 1035 698 1100 Praeterea
725 1039 776 1118 ut,
807 1056 888 1120 quae
917 1038 1000 1098 esset
1028 1035 1239 1098 Ethnicorum

97 1147 130 1210 in
153 1147 215 1212 hoc
237 1168 356 1232 genere
378 1145 588 1232 praestantia,
614 1149 870 1232 cognosceretur,
895 1145 991 1228 ipsae,
1016 1144 1056 1208 ad
1074 1167 1152 1230 quas
1174 1145 1239 1209 sin·

97 1258 174 1340 gula
197 1256 331 1322 nomine
352 1277 446 1320 voces
468 1255 642 1340 pertinent,
668 1259 853 1320 constanter
875 1255 1089 1340 apposuimus.

97 1425 327 1491 Alexander
348 1425 594 1491 Cotiaensis:
630 1448 660 1489 v.
684 1427 875 1506 περιρρηδή(
898 1427 917 1505 5
939 1423 997 1506 25,
1020 1423 1051 1488 2.
1074 1461 1118 1475 -
1139 1424 1188 1490 cf.
1208 1447 1236 1489 v.

180 1537 301 1618 ίατρίνη
325 1539 345 1618 5
367 1536 419 1618 21,
446 1537 477 1599 2.

96 1647 256 1711 Alexio:
278 1669 309 1710 v.
333 1646 456 1712 λέκιθοι
479 1644 514 1728 (5
537 1645 589 1729 22,
613 1647 658 1730 2).
1126 1713 1133 1732 ,

96 1757 306 1822 Anacreon
328 1757 369 1822 ἐν
393 1755 435 1838 β’;
460 1777 531 1820 cum
553 1777 645 1820 versu
668 1754 773 1820 ionico
795 1779 825 1819 v.
849 1757 1023 1837 (ινάμωροι
1044 1754 1139 1838 525,
1155 1755 1176 1820 2
1195 1793 1238 1806 -

179 1867 259 1932 item
281 1889 353 1932 cum
374 1887 468 1931 versu
490 1887 520 1929 v.
544 1866 600 1932 (ίω
624 1869 644 1948 5
666 1867 719 1948 22,
743 1865 774 1930 2.

95 1977 374 2042 Antimachus:
397 2000 427 2041 v.
452 1977 598 2058 εειραίνω
620 1975 656 2058 (5
678 1975 731 2059 24,
754 1977 800 2062 3).

95 2089 314 2171 Antipater
335 2087 712 2151 Thessalonicensis
735 2087 776 2152 ἐν
800 2088 1074 2167 ἐπιγράμματιε
1099 2108 1170 2151 cum
1192 2086 1238 2150 di-

180 2197 285 2262 sticho
308 2197 451 2282 elegiaco
474 2219 503 2260 v.
528 2197 737 2276 καμελούκιον
761 2199 781 2278 5
803 2197 855 2278 24,
879 2197 909 2262 3.

94 2307 350 2391 Antiphanes
375 2309 602 2394 Κιθαρῳδῷε
639 2329 712 2371 eum
745 2305 865 2370 duobus
893 2306 1028 2370 senariis
1056 2329 1086 2370 v.
1116 2309 1236 2388 ndpuot

179 2417 216 2502 e
239 2417 291 2499 24,
315 2419 361 2502 3)-

94 2527 210 2611 Apio:
234 2549 263 2590 v.
280 2529 418 2608 ’AOprssrc
437 2527 525 2609 523,
541 2527 572 2590 2.
604 2527 677 2592 Non
694 2549 762 2592 esse
777 2528 816 2591 de
831 2527 933 2592 nihilo
944 2524 1116 2594 Ἀππίων
1138 2529 1236 2612 scrip-

178 2641 252 2700 tura
267 2636 402 2720 videtur,
420 2659 515 2722 quam
530 2637 597 2701 fere
613 2637 796 2702 Gudianum
810 2641 910 2702 tenet.
938 2637 1136 2723 Quamquam
1148 2639 1236 2703 dam-

178 2751 291 2811 natam
303 2747 378 2810 novi
390 2769 408 2811 a
419 2747 597 2811 Villoisono
608 2746 692 2811 Prol.
710 2749 744 2811 in
756 2748 964 2832 Apollonium
976 2747 1073 2832 Soph.
1087 2772 1119 2832 p.
1129 2747 1175 2813 VI
1187 2772 1234 2834 sq.

180 2855 391 2944 [Hesychium
413 2855 613 2942 Gelliumque
634 2857 670 2921 1..
688 2857 871 2922 Dindorfius
893 2858 983 2922 addit
1002 2858 1158 2924 Thesauri
1172 2860 1199 2945 I,
1216 2863 1236 2924 2
1350 2881 1353 2888 ’

178 2989 211 3050 p.
238 2966 345 3052 1332]

94 3077 390 3162 (Apollodorus)
417 3078 453 3144 ἐν
475 3077 668 3162 Θηριππίδῃε
696 3099 767 3142 cum
790 3078 911 3142 duobus
935 3079 1069 3144 senariis
1086 3102 1115 3144 v.
1136 3081 1233 3162 κράδη

179 3187 264 3270 525,
278 3187 308 3251 2.
323 3187 405 3270 523,
417 3187 447 3251 2.
467 3187 550 3268 521.
587 3185 681 3275 [Vide
697 3192 807 3252 tamen
819 3211 917 3274 supra
928 3189 1082 3254 adnotata
1100 3213 1132 3275 p.
1146 3190 1232 3280 625.]

93 3297 334 3380 Apollonius
357 3297 543 3362 Archibii
565 3298 664 3364 filius:
687 3321 717 3362 v.
741 3300 838 3382 νήφω
862 3303 881 3380 5
904 3299 956 3382 22,
979 3298 1010 3364 2.

19 3415 21 3420 ’
94 3407 335 3490 Apollonius
358 3407 599 3492 (Dyscolus):
622 3431 651 3472 v.
676 3409 808 3488 ἀνδρεία
831 3413 850 3492 5
872 3410 967 3492 22,2
988 3447 1031 3460 —
1053 3432 1082 3474 v.
1101 3413 1235 3493 κρηεέρα
1253 3431 1285 3480 73

179 3517 280 3600 524,
304 3517 325 3582 3
352 3555 394 3567 -
423 3519 666 3599 latiariter
692 3525 769 3586 τῶν
792 3519 1007 3600 Ἡροδότου
1029 3523 1233 3598 γλωεεῶνε

178 3649 208 3690 v.
243 3629 392 3709 εοφιετή(
427 3628 521 3712 525,
544 3629 575 3692 2.
620 3629 767 3694 Indidem
799 3629 936 3714 petitum
968 3633 1046 3714 puto
1079 3629 1234 3696 Herodoti

177 3757 296 3800 nomen
317 3759 347 3800 v.
371 3742 555 3815 γεωπεῖναι.
578 3775 621 3788 -
643 3739 693 3804 Of.
717 3741 844 3821 μητίετα
866 3744 887 3822 5
909 3739 961 3822 24,
985 3741 1016 3805 3.

94 3844 300 3930 Apollonii
329 3846 473 3912 Rhodii
502 3869 566 3913 non
595 3850 752 3914 nominati
781 3871 889 3914 versus
916 3871 946 3914 v.
971 3851 1114 3932 ’Allupvic
1138 3855 1157 3934 5
1180 3853 1232 3934 23,

177 3955 253 4020 23
283 3993 325 4006 -
357 3980 387 4020 v.
412 3959 525 4038 Ἀρήνη
549 3963 569 4040 5
591 3959 643 4042 23,
668 3959 688 4023 2
715 3997 757 4008 -
786 3961 963 4026 atterrat
992 3963 1101 4045 (523,
1124 3963 1158 4048 2)
1191 4001 1234 4012 —

177 4087 207 4128 v.
232 4066 345 4147 dantia
367 4069 402 4152 (5
424 4067 476 4150 22,
500 4069 545 4154 2).

94 4173 378 4242 Archilochus:
403 4199 475 4242 cum
497 4180 623 4244 senario
645 4203 675 4244 v.
699 4181 758 4260 ἀκή
781 4185 801 4262 5
824 4182 877 4264 24,
900 4181 930 4246 3.
954 4181 1005 4264 23,
1030 4183 1060 4244 2.

93 4284 366 4352 Aristarchus:
396 4311 425 4352 v.
456 4294 600 4370 εταμῐνεε
628 4291 727 4374 525,
758 4292 840 4354 1-
867 4313 896 4354 v.
926 4292 1058 4372 κρόεεαε
1082 4295 1101 4374 5
1124 4293 1176 4375 25,
1203 4295 1229 4356 l.

177 4393 456 4480 Q3mffi2
