2990 5140
350 364 397 410 oa
420 364 511 411 aran.
535 365 639 410 anax.
663 365 707 412 ur
729 365 946 414 rrsrsrsaro.
1159 351 1219 414 165

67 537 269 600 quamquam
297 537 362 580 non
389 515 459 580 stne
487 537 629 580 summae
657 517 867 581 dubitationis
897 517 1151 601 significatione,
1179 517 1218 582 de

70 626 231 710 Καρκίνῳ.
277 626 324 688 Α3
338 647 412 690 vero
435 647 495 689 nec
518 627 656 709 cyclicus
678 626 706 690 is
728 633 823 710 pocta
846 627 909 690 fuit
930 627 984 690 sed
999 630 1086 690 totus
1107 649 1218 704 γενεα-

68 737 189 818 λόγος,
215 738 248 798 et
262 757 282 798 a
297 734 485 799 Pisistratea
500 739 606 800 aetate
621 735 691 800 sine
714 735 810 799 dubio
826 736 904 799 satis
920 739 1069 800 remotus.
1100 736 1218 811 Quodsi

66 844 298 908 commendata
330 845 372 908 ab
404 843 507 909 Hesio
539 845 592 908 via
628 845 768 910 tenenda
799 845 857 927 sit,
903 866 968 910 non
1000 845 1092 908 video
1124 867 1217 930 quem

66 955 135 1018 huc
158 955 329 1018 convenire
351 975 369 1018 e
391 955 568 1018 notioribus
597 955 779 1018 hominibus
806 958 935 1037 praeter
957 977 1056 1018 unum
1079 955 1217 1020 Cerco-

64 1085 157 1146 pem
191 1062 431 1148 Pythagoreum
462 1064 585 1146 dicam,
625 1064 842 1144 Onomacriti,
881 1063 1002 1146 Orphei
1035 1067 1068 1126 et
1101 1063 1216 1148 Zopyri

64 1172 172 1236 etiam
214 1171 249 1236 in
292 1173 472 1258 pangendis
509 1172 703 1238 carminibus
741 1173 892 1257 Orphicis
928 1173 1057 1236 socium.
1116 1173 1216 1248 Quem

63 1303 201 1346 omnem
227 1282 332 1346 locum
357 1287 432 1365 post
459 1282 647 1346 Muellerum
675 1282 802 1368 Prolag.
832 1281 964 1366 mythol.
994 1305 1026 1366 p.
1055 1283 1118 1346 379
1146 1305 1214 1366 sqq.

64 1395 102 1454 et
125 1390 323 1454 Imbeclrium
345 1391 507 1475 Aglaopb.
531 1391 593 1474 lp.
611 1391 674 1456 353
689 1413 757 1476 sqq.
781 1391 990 1455 tractavimus
1011 1391 1050 1454 de
1065 1391 1143 1456 bibl.
1161 1392 1214 1456 Al.

63 1523 99 1583 p.
133 1501 179 1564 42
209 1503 242 1563 ot
272 1501 324 1566 54.
383 1501 490 1584 Atque
523 1521 589 1564 non
622 1499 821 1564 incommode
854 1500 889 1564 in
921 1501 1100 1565 litterarum
1135 1501 1214 1566 hacc

65 1609 211 1694 vestigia
233 1631 283 1674 και
305 1631 363 1687 καγ
385 1611 437 1676 ἐπὶ
458 1609 615 1694 quadrare
636 1609 714 1673 bina
736 1611 891 1674 vocabula

235 1720 285 1784 καὶ
307 1720 445 1800 κέρκωπι

64 1831 225 1912 apparet:
247 1850 323 1893 uam
344 1849 362 1892 e
385 1829 568 1894 chartarum
590 1830 663 1894 labe
684 1851 811 1893 omnem
832 1833 976 1913 repetere
999 1829 1213 1912 corruptelam

64 1960 138 2002 non
167 1938 359 2002 dubitamus.
409 1938 614 2024 Consequens
641 1942 705 2021 est,
739 1943 775 2002 ut
802 1937 907 2022 patria
935 1939 1085 2022 Cercopis
1114 1939 1265 2002 13333349

65 2048 103 2110 in
119 2050 281 2124 κογκυλω.
318 2047 437 2123 Quodsi
458 2047 639 2112 Milesius
661 2047 715 2110 ille
736 2047 849 2130 fuerit,
873 2047 934 2112 hoc
954 2048 1081 2130 quidem
1096 2069 1214 2112 nomeu

66 2157 111 2220 ab
135 2157 272 2220 istarum
292 2157 500 2222 similitudine
527 2157 706 2221 litterarum
734 2160 861 2221 tanturn
883 2157 999 2239 distat,
1028 2161 1064 2220 ut
1091 2157 1126 2220 in
1153 2157 1214 2221 hac

66 2265 123 2329 via
153 2266 283 2350 persisti
311 2270 459 2351 nequeat.
504 2265 566 2332 Sed
593 2264 671 2330 illud
700 2265 760 2330 etsi
790 2287 848 2330 nos
876 2288 907 2348 p.
931 2266 974 2330 54
1001 2268 1214 2330 statueramus

66 2373 264 2438 Muellerum
284 2377 386 2440 secuti
392 2425 401 2459 ‚
424 2379 534 2440 tamen
555 2375 697 2459 aliquam
718 2376 757 2437 de
779 2396 817 2439 ea
839 2395 873 2438 re
895 2375 1128 2438 dubitationem
1150 2375 1214 2438 iam

66 2483 285 2568 praefationis
300 2507 331 2568 p.
349 2485 428 2550 VIII
442 2485 505 2569 ipsi
520 2485 797 2570 significabamus,
815 2483 893 2548 alibi
910 2505 981 2548 eam
996 2484 1215 2568 quaestionem

66 2615 129 2658 nos
159 2597 388 2658 rebactaturos
416 2594 561 2678 professi.
616 2593 686 2668 Qua
714 2593 841 2677 quidem
868 2613 965 2676 opera
993 2615 1079 2658 nuno
1107 2613 1214 2676 super-

67 2703 184 2766 sedere
206 2703 297 2787 licet,
320 2707 489 2788 postquam
510 2725 639 2787 prorsus
662 2703 803 2767 diversos
823 2723 891 2766 esse
914 2703 1081 2785 antiquum
1102 2701 1213 2767 Cerco-

66 2833 146 2894 pem
170 2811 329 2876 Milesium
352 2813 477 2896 epicum
498 2817 627 2896 poetam
649 2817 745 2896 atque
760 2812 861 2894 hunc,
886 2811 974 2876 cuius
994 2811 1101 2894 patria
1121 2811 1213 2896 igno-

67 2925 180 3002 ratur,
209 2920 381 3005 Cercopem
410 2921 649 3006 Pythagoreum
680 2942 753 2985 acre
785 2921 936 2984 iudicium
959 2919 1214 2984 Marclrschsffeli

68 3031 171 3095 evicit
182 3030 495 3096 Commentationum
505 3030 736 3096 Hesiodearum
750 3053 782 3114 p.
797 3030 974 3096 158-166,
1000 3029 1094 3094 Girias
1107 3032 1213 3094 autem

68 3140 458 3224 hieritilleOrphicorum
470 3140 615 3205 conditor
626 3145 668 3222 et,
685 3140 748 3204 nisi
761 3140 945 3204 coniectura
959 3139 1056 3221 fallit,
1067 3138 1213 3203 Homeri-

68 3271 184 3314 oorum
197 3251 353 3332 διαθέτηε,
370 3249 494 3333 assequi
509 3249 685 3314 (1131333310
699 3249 780 3314 velle
795 3247 939 3332 ineptum
955 3247 1007 3311 sit.
1031 3247 1112 3322 Quid
1128 3247 1213 3312 enim

68 3358 206 3441 prodest
226 3359 306 3424 talia
321 3359 356 3422 in
370 3358 509 3422 medium
524 3359 636 3422 afferre
658 3357 862 3440 hariolando,
885 3361 922 3420 ut
938 3357 1117 3442 Κορδυλὶῳ,
1137 3358 1213 3436 Κρο-

68 3471 173 3550 κυλεῑ,
198 3469 375 3548 Κορυλειεῐε
390 3489 522 3552 quorum
532 3471 600 3532 tam
611 3467 746 3532 obscura
759 3471 808 3530 est
822 3487 903 3550 quae
916 3487 954 3529 ex
971 3469 1061 3549 parte
1073 3465 1133 3529 soli
1145 3465 1213 3530 Ste-

69 3577 183 3660 phano
195 3576 353 3661 Byzantio
369 3578 523 3642 memoria
534 3577 677 3660 debetur,
696 3581 743 3658 ut,
760 3577 787 3640 si
805 3575 894 3640 illinc
908 3575 1045 3658 Cercops
1062 3574 1213 3639 oriundus

70 3690 175 3768 esset,
198 3685 367 3772 Paphlago
389 3687 494 3770 potius
515 3688 566 3751 vel
588 3685 795 3770 Pamphylius
810 3686 859 3749 vel
876 3684 1054 3751 Ithacesius
1076 3683 1212 3749 audiret.

161 3791 329 3859 Cramerus
356 3799 478 3879 autem,
507 3796 560 3880 qui
587 3796 622 3860 in
644 3796 719 3860 solis
741 3817 800 3873 καγ
828 3793 944 3858 litteris
971 3795 1071 3858 latere
1100 3796 1213 3876 poetae

70 3923 194 3968 nomen
215 3905 367 3986 putabat,
395 3905 508 3970 ultima
533 3905 589 3970 illa
610 3907 662 3972 ἐπὶ
684 3907 828 3982 κογκυλω
850 3903 982 3968 minime
1004 3924 1038 3968 se
1067 3903 1213 3968 dubitare

71 4013 117 4076 ait
140 4010 222 4095 quin
244 4012 285 4076 ad
306 4013 419 4080 ἐπικὸν
444 4015 560 4081 κύκλον
589 4017 645 4079 333
666 4016 765 4098 ἐπικῷ
793 4013 898 4099 κύκλῳ
925 4011 1105 4076 revocanda
1132 4011 1212 4076 sint:

71 4142 132 4186 nee
157 4120 351 4204 Improbavit
372 4123 432 4187 hoc
447 4122 576 4187 Hasius.
620 4122 793 4188 Laudabile
816 4145 892 4187 sane
915 4123 1096 4186 inventum:
1119 4121 1212 4185 modo

72 4229 154 4294 illud
177 4229 367 4312 explicatius
388 4230 500 4296 docere
527 4253 594 4296 non
613 4232 880 4316 supersedissent,
909 4253 971 4316 qua
992 4231 1124 4294 tandem
1145 4253 1213 4296 ver-

72 4335 439 4406 bomm'eonsrruuione
461 4363 562 4426 quove
583 4363 667 4408 nexu
689 4342 869 4409 sententiae
891 4341 946 4405 illa
968 4341 1078 4404 iuncta
1101 4340 1212 4424 priori·
