3050 5140
319 351 366 398 mr
388 349 557 400 ancnoris
581 349 799 401 dannamaria
822 347 1030 398 armanus.
1181 331 1243 396 789

107 509 137 570 in
165 505 211 569 eis
240 507 384 570 versatur
396 553 405 587 ,
439 525 520 588 quae
555 525 625 567 cum
656 525 807 588 prospera
835 507 867 566 et
900 501 1029 566 insolita
1061 500 1242 566 hominibus

106 615 287 696 evenirent,
322 615 404 678 festo
432 613 538 698 aliquo
568 617 726 698 apparatu
758 613 955 677 sollemniter
989 613 1242 677 celebrarentur:

105 747 165 810 quo
187 725 329 809 pertinet
352 723 616 788 caerimoniarum
638 723 830 808 nuptialium
851 723 1047 806 frequentia3
1069 723 1165 786 tertia
1192 723 1244 787 de·

104 835 200 920 nique
232 835 362 898 omnino
395 835 434 898 ad
470 835 637 899 lautiorem
671 831 947 916 liberalioremque
974 831 1059 896 vitae
1087 854 1178 896 usum
1212 837 1245 897 et

104 945 263 1029 quandam
285 945 442 1008 luxuriam
469 949 609 1028 spectat,
638 945 724 1008 velut
752 965 832 1028 quae
860 943 945 1007 baud
970 943 1085 1027 exiguo
1112 965 1244 1008 numero

103 1077 178 1119 vasa
208 1059 335 1139 reperta
366 1059 442 1119 sunt
469 1055 509 1118 ad
539 1054 659 1118 cultum
686 1057 898 1138 ornatumque
931 1053 1116 1118 muliebrem
1145 1054 1242 1138 perti·

103 1165 225 1230 nentia.
271 1164 331 1230 Sed
354 1165 463 1248 paucis
492 1164 596 1228 adhuc
621 1164 774 1248 exemplis
802 1164 841 1226 de
870 1165 914 1227 eis
943 1163 1141 1248 argumentis
1169 1185 1242 1228 con·

102 1279 183 1358 stat,
214 1295 295 1358 quac
317 1275 419 1358 petita
442 1275 508 1338 sint
530 1297 567 1338 ex
591 1274 727 1358 opificiis
753 1277 785 1336 et
807 1273 917 1358 siquae
939 1273 1071 1356 negotia
1093 1277 1242 1358 quaestus

102 1384 269 1448 exercendi
293 1405 405 1449 caussa
426 1385 518 1448 fiunt.
564 1385 660 1449 Cuius
687 1383 772 1447 modi
795 1384 857 1446 tria
880 1383 1079 1466 potissimum
1108 1405 1241 1448 comme·

101 1515 226 1558 morare
249 1495 411 1566 conducit;
434 1516 532 1558 unum
555 1494 646 1572 illud,
676 1515 747 1556 cum
773 1494 856 1556 sacci
880 1493 955 1556 lana
984 1493 1032 1556 vel
1061 1494 1166 1576 potius
1190 1495 1241 1557 sil·

100 1603 177 1688 phio
199 1603 311 1687 repleti
327 1605 511 1687 penduntur
527 1625 633 1668 coram
655 1602 800 1667 Arcesila
816 1624 891 1686 rege
908 1603 1117 1686 Cyrenaicae:
1140 1603 1241 1688 quode

100 1735 167 1777 non
188 1713 452 1798 improbabiliter,
476 1717 503 1777 si
526 1737 545 1777 a
567 1714 732 1777 nominum
757 1711 954 1797 quorundam
976 1713 1241 1797 interpretatione

100 1844 288 1908 graecorum
317 1824 500 1906 recesseris,
539 1823 658 1887 lllnstr.
688 1823 750 1886 dux
778 1823 817 1886 de
851 1821 976 1906 Luynes
1003 1823 1179 1906 disputavit
1207 1825 1242 1888 in
1261 1841 1308 1890 lsi

99 1932 221 1998 Annal.
245 1933 390 1996 instituti
413 1955 442 1996 a.
469 1933 550 1996 1833
572 1955 604 2016 p.
626 1933 668 1997 56
691 1955 759 2017 sqq.
785 1933 855 1996 coll.
873 1931 1014 1996 bionum.
1040 1933 1125 1996 ined.
1149 1933 1239 1998 vobi

98 2043 164 2106 tab.
189 2041 321 2106 XLVII.
331 2043 361 2122 *l
406 2043 554 2106 Alterum
576 2044 756 2126 exemplum
779 2065 834 2106 vas
858 2041 1120 2128 Berolinense**)
1150 2065 1239 2126 prae·

98 2152 185 2236 buit,
209 2153 245 2216 in
266 2174 329 2236 qno
351 2151 515 2216 officinam
538 2153 693 2216 aerariam
716 2153 851 2236 proponi
874 2153 1107 2216 versatissimus
1130 2155 1164 2216 in
1180 2153 1240 2218 hoc

96 2283 218 2346 genere
254 2265 531 2326 monumentorum
568 2262 725 2346 interpres
759 2262 914 2326 Aemilius
947 2259 1105 2327 Braunius
1138 2285 1241 2347 nuper

96 2371 207 2434 docuit
229 2368 377 2454 (Bullett.
406 2393 436 2435 a.
463 2371 543 2436 1835
571 2394 601 2454 p.
629 2373 687 2436 166
715 2372 810 2455 sqq).
856 2372 908 2435 Ab
936 2371 1107 2456 eodemque
1134 2395 1239 2457 reper-

95 2484 166 2544 tum
194 2481 327 2544 tertium
356 2479 513 2565 quoddam
540 2481 685 2545 novimus
717 2481 853 2546 necdum
881 2482 1001 2546 editum
1027 2504 1087 2546 nec
1120 2483 1239 2566 scripto

96 2589 314 2674 explicatum,
345 2591 498 2655 exbibens
527 2591 630 2674 ipsam
653 2613 800 2655 vasorum
828 2592 975 2656 fictilium
996 2591 1238 2680 fabricam.***)

95 2699 254 2774 Quartum
277 2698 412 2784 denique
428 2723 514 2765 nuno
529 2701 666 2765 addituri
689 2724 811 2784 sumus,
836 2707 1042 2786 posteaquam
1064 2703 1104 2768 de
1125 2703 1237 2787 altera,
1341 2739 1344 2748 Α

95 2829 194 2892 quam
217 2809 257 2872 ab
279 2809 373 2874 initio
395 2811 672 2896 significabamus,
696 2833 730 2874 re
752 2812 862 2896 paucis
884 2813 1109 2878 monuerimus.

183 2917 255 2982 Etsi
282 2920 369 2985 eriim
396 2942 462 2986 non
491 2921 569 2984 adeo
597 2942 670 2986 rara
698 2922 841 2986 litterata
870 2945 946 2988 vasa
978 2927 1069 3008 sunt,
1104 2945 1238 3008 quorum

164 3207 190 3272 ⁸)
215 3205 319 3262 Confer
341 3207 478 3262 eruditam
502 3207 641 3262 Wclclreri
665 3209 928 3264 commentationem
945 3209 973 3263 in
991 3209 1140 3264 novissimo
1159 3210 1237 3265 fasci-

93 3299 157 3353 culo
180 3299 269 3354 Musei
286 3300 413 3378 Rbonani
433 3302 494 3370 [vol.
515 3301 539 3352 V
558 3317 583 3357 a,
605 3303 677 3370 1837]
704 3319 731 3370 p.
756 3309 804 3356 140
823 3319 882 3370 sqq.
904 3304 985 3370 [nunc
1004 3302 1032 3356 in
1050 3303 1124 3357 ‘Alto
1146 3303 1238 3358 Douk-

94 3393 195 3445 maler’
213 3393 233 3446 t.
253 3393 292 3446 Ill
310 3411 337 3462 p.
356 3399 405 3448 488
424 3395 495 3462 sqq]

163 3501 203 3567 ⁸²)
232 3501 262 3554 ln
286 3502 423 3556 Gerbardi
450 3503 541 3558 indico
568 3507 809 3558 monunrcntonmr
831 3503 927 3559 Museo
949 3505 1038 3573 Regio
1064 3505 1236 3560 Bcrolincnsi

92 3609 192 3647 recena
211 3597 436 3663 comparatorum
453 3615 479 3649 n.
501 3603 573 3650 1608.
611 3597 690 3666 [Vide
709 3615 781 3652 nunc
800 3597 936 3652 Gcrbardi
955 3598 1168 3652 ‘Trinkschalcn
1187 3600 1236 3654 des

92 3685 220 3740 Bcrliner
237 3687 388 3742 Museums’
406 3689 463 3742 tab.
478 3689 536 3742 XII.
549 3689 623 3757 Xlll,
642 3690 841 3758 l‘anollracquc
859 3691 961 3766 librum
973 3709 993 3744 s.
1009 3709 1029 3745 s.
1044 3691 1101 3746 tali.
1115 3691 1188 3758 Vlll,
1201 3693 1236 3762 5.]

163 3803 220 3870 m)
240 3805 334 3872 [Edita
351 3807 394 3860 est
412 3809 495 3874 atque
514 3811 646 3862 enarrata
664 3809 732 3862 hacc
748 3809 848 3878 hydria
860 3829 931 3864 nunc
943 3810 1117 3864 Monacensis
1136 3813 1171 3876 (n.
1187 3817 1234 3865 731

91 3896 120 3950 in
140 3896 229 3950 Iahnii
250 3897 385 3966 Catalogo
403 3917 430 3968 p.
449 3906 498 3954 227
518 3905 570 3967 sq.)
589 3901 625 3954 ab
644 3902 742 3956 codem
761 3902 857 3956 lalmio
874 3903 903 3956 in
921 3903 998 3956 Actis
1017 3903 1162 3958 Societatis
1181 3903 1235 3957 litt.

91 3989 248 4044 Saxonioae
271 3991 324 4046 vol.
349 3991 386 4045 Vl
410 3995 445 4058 (a.
472 3997 546 4060 1854)
569 4012 596 4062 p.
615 4001 646 4049 tl
666 4013 726 4062 sqq.
751 4027 782 4034 —
813 3995 941 4048 Ceterum
963 3997 997 4050 do
1021 3995 1082 4048 unis
1106 4015 1234 4051 vassorum

90 4081 209 4152 picturis
228 4083 345 4137 diximus
365 4102 457 4154 supra,
480 4103 531 4139 nec
549 4087 605 4141 aliu
622 4091 863 4142 rnonurncntormn
887 4105 994 4156 genera
1012 4089 1179 4155 ornavimus,
1205 4089 1234 4142 in

91 4174 195 4242 quibus
218 4177 394 4246 (anaglyphis
417 4177 593 4248 potissimimr
615 4181 813 4246 Romanorum)
842 4197 913 4246 quaa
935 4183 1147 4250 repraesentata
1170 4183 1235 4235 sunt

91 4267 204 4338 opificia
227 4271 255 4322 et
277 4269 403 4338 negotia,
427 4271 550 4326 ciusdem
574 4272 661 4326 Iabnii
684 4273 772 4328 doctis
795 4272 867 4326 curis
890 4273 1044 4342 composita
1067 4277 1151 4342 atque
1174 4273 1232 4327 illu-

90 4363 184 4416 sunta
202 4363 265 4416 sunt
283 4361 387 4417 ibidem
404 4363 458 4420 vol.
477 4363 542 4418 Xlll
562 4367 596 4430 (a.
619 4369 692 4432 1861)
711 4385 737 4434 p.
757 4373 804 4420 291
826 4367 896 4434 sqq]
