2954 5134
353 369 513 418 ororrsu
535 367 888 418 usmcsussssnssrs
1131 351 1195 416 537

73 523 115 588 vel
139 523 358 608 neglegentiae
386 521 510 586 librarii
536 521 587 586 vel
615 521 802 586 correctoris
830 521 979 586 licentiae
1007 519 1195 602 tribuamus,

72 633 120 696 sed
140 653 176 696 er
195 631 358 718 archetypi
373 631 519 696 bonitate
535 651 667 696 manare
682 630 823 714 potuisse
840 630 1077 714 ratiocinemur,
1099 631 1196 695 etiam

72 741 96 805 si
109 745 213 826 suapte
232 746 349 808 natura
371 763 438 806 non
459 741 579 806 habeat
600 761 662 825 quo
685 763 762 824 prae
783 741 915 826 vulgato
929 740 1098 806 Vrbinatis
1119 740 1196 805 ordo

73 851 303 918 commendetur.
338 851 482 936 Eamque
496 850 777 916 ratiocinationem
794 851 874 916 talia
890 851 1091 934 confirmant,
1115 871 1196 935 quae

73 983 134 1026 cum
158 961 192 1026 in
219 967 245 1026 A
271 983 439 1046 perperam
464 961 609 1026 traiectis
637 961 788 1026 membris
815 983 875 1026 nac
898 961 1039 1026 construi
1066 982 1127 1026 nac
1149 961 1196 1025 in-

72 1071 169 1158 tellegi
188 1076 323 1158 queant,
353 1075 478 1137 mutata
504 1073 539 1136 in
561 1075 591 1136 B
613 1071 823 1137 collocatione
849 1071 1017 1136 verborum
1044 1071 1142 1156 plena
1164 1073 1197 1134 et

72 1182 205 1265 expedita
226 1181 377 1248 evadunt.
414 1181 461 1247 Vt
479 1181 521 1264 V,
545 1182 597 1264 73,
620 1181 674 1247 ubi
696 1204 755 1266 pro
777 1181 843 1246 his:
865 1181 928 1248 cire
951 1183 1004 1248 διὰ
1025 1183 1084 1260 τὴν
1107 1181 1197 1248 ἐξου-

72 1291 131 1358 είαν
155 1297 210 1358 τοῦ
236 1293 378 1359 κελεύειν
404 1293 465 1358 καὶ
493 1292 716 1359 διατάττειν
733 1279 805 1358 Ιὅτι
832 1292 944 1357 θέλοι
971 1291 1012 1358 τά
1038 1311 1073 1357 τε
1095 1290 1199 1356 δίκαια

71 1402 168 1466 καὶτὰ
193 1404 274 1468 καλὰ
300 1405 369 1468 τοῑε
395 1401 506 1467 ἄλλοι(
533 1404 597 1468 κτλ.
619 1401 837 1486 reponendum
860 1423 877 1464 e
899 1405 943 1466 B:
976 1405 1035 1466 τοῦ
1056 1400 1198 1466 κελεύειν

71 1509 123 1576 δτι
151 1513 259 1578 θέλοι
289 1513 352 1578 καλ
378 1513 619 1597 [δια]τάττειν
650 1533 678 1576 a.
707 1533 738 1595 q.
769 1533 794 1574 ι.
845 1509 966 1586 Quibus
999 1508 1197 1593 argumentis

71 1619 140 1684 adde
164 1621 355 1706 scriptorum
381 1621 581 1698 testimonia,
613 1619 740 1686 Nicolai
766 1621 966 1704 potissimum
993 1619 1196 1702 Damasceni,

71 1729 94 1793 si
110 1729 155 1794 dis
176 1731 293 1816 placet,
316 1731 374 1795 illa
395 1753 477 1816 quae
499 1735 520 1812 ξ
542 1731 563 1795 9
586 1731 910 1794 commemoravimus.
934 1769 976 1781 -
998 1729 1197 1815 Quamquam

71 1861 132 1904 cum
151 1863 215 1906 non
238 1863 310 1906 raro
332 1841 456 1906 hiatum
478 1842 512 1906 in
534 1845 564 1910 B
586 1840 759 1904 admissum
780 1839 878 1905 etiam
900 1847 927 1904 A
948 1841 1057 1922 tollat,
1080 1843 1117 1904 ut
1138 1839 1195 1922 fv,

72 1949 104 2013 16
122 1953 159 2017 τὰ
178 1954 237 2032 μὲν
265 1951 350 2017 ἄλλα
375 1955 492 2034 φορεῖν
519 1951 606 2018 ὅπλα
632 1955 847 2034 transponens
874 1972 933 2034 pro
961 1953 1001 2018 τὰ
1029 1953 1085 2030 μὲν
1115 1951 1199 2016 ἄλλα

71 2059 144 2124 ὅπλα
158 2066 289 2143 φορεῖν,
312 2065 448 2147 apparet
468 2083 564 2146 quam
586 2083 652 2128 non
667 2061 769 2146 possit
783 2083 849 2125 non
864 2060 1019 2126 fluctuare
1034 2059 1195 2126 iudicium.

589 2257 610 2338 s
635 2255 685 2322 13.

141 2391 343 2476 Omninoque
371 2392 432 2456 hoc
459 2391 557 2456 etiam
588 2390 623 2456 in
654 2391 776 2474 reliqua
808 2413 929 2478 genera
957 2390 1043 2456 cadit
1069 2393 1198 2475 praeter

69 2521 155 2568 unum
177 2503 271 2587 illud,
303 2501 386 2586 quod
408 2502 591 2566 continetur
612 2502 796 2587 graviorum
818 2503 1006 2567 lacunarum
1034 2501 1198 2586 aliquanto
1216 2517 1249 2566 ae

69 2609 255 2678 uberioribus
283 2611 524 2696 supplementis.
574 2611 658 2676 Nam
691 2633 769 2676 sene
803 2611 857 2696 qui
891 2611 941 2675 vel
970 2609 1114 2676 Ohisiani
1149 2609 1197 2674 vel

69 2719 225 2788 Vrbinatis
246 2723 387 2788 indolem
409 2745 448 2788 ex
471 2723 516 2786 eis
538 2743 619 2806 quae
641 2721 702 2786 hac
725 2721 994 2786 commentatione
1009 2719 1198 2804 protulimus

46 2817 255 2898 'documentis
277 2833 447 2898 aestimare
469 2833 651 2896 universam
672 2832 814 2896 animum
842 2831 1019 2914 induxerit,
1049 2853 1120 2895 erun
1147 2831 1199 2894 vir

68 2939 274 3008 dubitaturum
297 2943 458 3028 suspicor,
482 2942 559 3026 quin
581 2942 631 3006 vel
654 2942 825 3027 integritas
848 2942 899 3006 vel
921 2941 1102 3006 emendatio
1124 2939 1198 3004 Dio

69 3051 143 3132 nysii
164 3054 267 3118 omnis
295 3073 333 3118 er
355 3075 419 3118 uno
442 3057 471 3118 B
492 3073 647 3138 suspensa
668 3052 711 3116 sit
738 3074 777 3116 ac
798 3051 1026 3136 propemodum
1053 3049 1142 3114 nullo
1164 3049 1199 3114 iu

69 3161 163 3240 pretio
190 3169 215 3226 ‚l
241 3161 417 3226 habendus.
463 3161 691 3246 Reputandum
718 3165 768 3226 est
795 3165 902 3226 autem
929 3183 995 3226 uon
1022 3159 1083 3224 hoc
1105 3159 1199 3224 nobis

68 3289 147 3336 nunc
178 3271 337 3356 agendum
369 3271 483 3351 luisse,
515 3275 551 3337 ut
584 3271 633 3336 vel
667 3271 814 3338 Chisieui
848 3271 882 3336 in
914 3271 1023 3336 multis
1054 3271 1199 3354 partibus

69 3382 289 3460 praestantiam
316 3381 367 3446 vel
394 3381 562 3446 Vrbinatis
590 3382 624 3446 in
652 3381 723 3446 eliis
751 3384 943 3466 pravitatem
972 3382 1200 3446 commonstre-

68 3509 179 3576 remus,
207 3493 323 3577 quippe
350 3491 390 3556 de
416 3515 479 3577 qua
500 3496 534 3556 et
555 3491 754 3576 praestantia
782 3495 815 3556 et
842 3491 1002 3576 pravitate
1028 3511 1123 3554 nemo
1144 3490 1199 3554 du·

68 3596 208 3684 bitasset,
237 3603 292 3666 sed
320 3601 380 3666 hoc
402 3601 523 3686 potius,
551 3606 587 3666 ut
609 3601 777 3665 Vrbinatis
804 3623 861 3666 suo
890 3601 925 3666 in
951 3621 1070 3686 genere
1099 3600 1199 3665 excel·

69 3707 193 3776 lentiam
215 3715 328 3776 contra
349 3711 501 3796 iniustas,
532 3715 568 3776 ut
594 3711 687 3776 nobis
710 3711 837 3796 quidem
859 3711 977 3794 visum,
1006 3732 1104 3774 uuum
1127 3709 1200 3774 Chi-

69 3817 186 3886 siauum
216 3821 443 3888 admirantirun
476 3820 726 3886 obtrectationes
760 3819 1015 3885 defenderemus:
1052 3819 1084 3882 id
1117 3819 1201 3902 quod

69 3947 131 3992 non
151 3931 218 3996 aine
239 3933 346 4016 aliqua
368 3931 544 4015 legentium
567 3933 600 3994 ct
621 3931 656 3994 in
678 3929 728 3994 his
750 3931 867 3994 litteris
890 3930 990 3994 vitam
1013 3951 1200 3994 mosomen-

69 4035 145 4102 tium
164 4041 300 4106 utilitate
323 4040 391 4104 lieri
412 4062 506 4124 posse
527 4041 718 4124 putavimus.
764 4040 868 4125 igitur
895 4040 1041 4124 quotiens
1064 4039 1114 4103 vel
1136 4039 1201 4104 sin-

69 4146 156 4228 gulas
177 4171 267 4215 voces
289 4150 325 4216 in
346 4154 377 4214 B
403 4151 486 4216 forte
507 4151 750 4236 praetermissas
778 4151 821 4214 ab
848 4149 981 4214 interitu
1004 4156 1030 4213 A
1052 4151 1200 4234 servarit,

69 4255 116 4318 vel
137 4258 200 4323 illic
222 4282 296 4324 casu
324 4263 489 4344 corruptas
517 4261 684 4326 emendate
713 4261 762 4326 vel
785 4260 918 4326 consilio
946 4263 1104 4324 correctas
1125 4261 1202 4326 lide

71 4362 140 4430 liter
169 4369 357 4458 prodiderit,
395 4391 581 4438 enumerare
615 4370 857 4458 supersedimus.
909 4371 1107 4458 Quamquam
1143 4371 1202 4438 has
