2952 5132
367 379 523 428 nronrsu
548 379 896 428 rrnurcanuassnnsrs.
1142 365 1198 427 491

74 534 112 598 llt
133 535 254 598 codices
276 533 403 618 quidem
429 537 533 597 EFl'o
562 533 724 596 sciendum
752 537 800 596 est
827 555 884 616 per
911 534 1106 616 prooemium
1134 537 1203 597 tan·

73 649 135 708 tum
155 643 386 728 Dionysianum
414 665 562 706 excussos
592 665 670 706 esse.
716 642 834 717 Quodsi
858 641 1022 706 diversae
1051 649 1076 706 V
1098 647 1130 707 et
1158 649 1204 707 Va

73 754 255 836 afferuntur,
284 755 316 817 id
344 753 483 816 dubitari
512 753 563 816 rix
592 757 697 836 potest
724 753 801 836 quin
830 753 873 816 sit
900 753 994 816 alicui
1023 753 1121 816 errori
1147 753 1203 816 tri·

73 864 233 928 buendum.
279 864 399 928 Contra
427 863 527 926 nostri
556 863 670 926 erroris
693 864 822 946 quaevis
850 863 984 946 suspitio
1011 863 1120 946 procul
1148 861 1203 926 hn-

74 973 178 1054 bcndn‚
198 975 480 1058 quotienscumque
495 973 534 1035 de
550 979 576 1036 Α
594 973 657 1036 alia
679 994 764 1037 nunc
786 976 943 1036 testamur
964 977 1060 1057 atqua
1081 975 1202 1036 lactum

73 1087 116 1146 est
140 1084 173 1147 in
195 1105 232 1148 ea
256 1106 350 1168 quam
379 1105 474 1166 supra
503 1083 788 1146 commemorabam
816 1082 1049 1146 dissertatione.
1100 1081 1204 1146 Licuit

73 1193 150 1256 enim
176 1215 263 1258 nunc
291 1193 384 1256 huius
412 1192 529 1256 codicis
559 1191 729 1256 collatione
760 1193 806 1254 nti
836 1193 931 1276 longe
959 1191 1203 1278 diligentissime

73 1303 161 1386 laeta,
180 1325 262 1388 quae
282 1304 423 1367 sociatae
436 1304 476 1366 A.
490 1301 582 1382 Feae,
603 1287 709 1366 Caroli
724 1301 861 1384 nepotis,
883 1305 915 1365 et
928 1302 1056 1366 Aemilii
1071 1301 1203 1366 Braunii

73 1412 164 1474 nostri
178 1433 295 1496 operae
311 1413 453 1476 debetur.
483 1411 634 1476 Eiusdem
651 1415 758 1474 autem
775 1409 906 1474 Braunii
931 1411 1085 1476 beneficio
1107 1412 1204 1476 etiam

73 1520 228 1586 Vrbinatis
245 1527 276 1586 B
297 1545 380 1585 nova
404 1523 532 1585 collatio
554 1526 681 1604 praesto
698 1521 776 1586 fuit:
799 1543 880 1606 (puae
902 1543 998 1605 opera
1021 1543 1116 1605 quam
1138 1543 1203 1586 non

76 1653 300 1714 supervacanea
323 1631 437 1715 fuerit,
460 1632 607 1696 instituto
630 1629 859 1694 Hudsouianae
882 1631 1098 1696 adnotationis
1121 1653 1203 1695 com·

75 1741 229 1822 paratione
257 1741 337 1806 satis
366 1743 430 1805 inm
459 1741 621 1806 aestimari
649 1741 778 1824 poterit.
831 1741 978 1806 Ceterum
1005 1740 1203 1826 paucissimis

75 1848 129 1912 illis
160 1851 254 1934 lucia,
294 1853 407 1935 quibus
442 1853 481 1914 de
514 1852 690 1934 scripturae
727 1850 942 1934 discrepantia
980 1851 1021 1914 ab
1050 1851 1203 1916 Hudsono

76 1963 309 2026 commemorata
343 1965 430 2025 tacet
459 1959 631 2042 Brennica,
666 1960 739 2024 huic
773 1961 976 2044 apposuimus
1005 1965 1053 2024 Bt
1081 1965 1201 2024 notem.

76 2066 223 2134 Parisinos
251 2077 359 2136 autem
387 2071 500 2152 libros,
531 2071 690 2134 notabiles
719 2071 789 2134 illos
813 2092 882 2134 cnm
906 2071 1063 2134 secundae
1089 2093 1203 2134 manus

77 2181 313 2244 conectionibus
356 2185 424 2243 turn
460 2181 688 2264 scripturarum
721 2181 755 2244 in
792 2180 991 2264 marginibus
1028 2180 1203 2263 positarum

77 2287 282 2374 multitudine,
318 2291 378 2374 ipsi
406 2289 625 2354 tractavimus.
638 2291 668 2376 ²⁸)
720 2289 813 2354 Vnde
828 2285 873 2352 ¹et
902 2289 966 2352 alia
994 2289 1028 2352 in
1057 2289 1202 2372 Dionysii

77 2399 318 2464 emendationem
346 2421 412 2464 non
438 2400 618 2483 spernenda
652 2399 871 2464 redundarunt
898 2403 931 2462 et
957 2399 1030 2462 fons
1059 2399 1202 2483 ratioque

77 2507 214 2592 principis
237 2509 389 2574 editionis
411 2509 596 2592 planissime
612 2509 726 2592 patuit.
751 2509 851 2584 Quem
866 2509 988 2572 iontem
1009 2509 1068 2572 etsi
1089 2529 1202 2591 parum

77 2635 142 2680 sane
162 2617 328 2703 limpidum
352 2619 568 2703 eognovimus,
592 2639 657 2682 non
681 2618 769 2682 nulla
791 2623 898 2682 tamen
925 2623 979 2680 DP
998 2617 1089 2700 (omn
1105 2618 1202 2700 potis-

77 2723 189 2812 simnm)
217 2729 268 2794 vel
300 2729 398 2792 etiam
426 2729 493 2792 sola
516 2735 544 2792 Ρ
568 2729 782 2812 praebuerunt
819 2731 927 2810 aperte
958 2727 1202 2810 praestabilium

77 2833 115 2896 eis
133 2857 208 2920 quae
232 2840 266 2903 in
289 2843 346 2902 AB
367 2843 505 2902 exstant.
550 2837 640 2902 Inter
662 2837 719 2900 hos
742 2841 848 2900 autem
871 2837 956 2920 ipsos
979 2835 1056 2900 duos
1079 2835 1235 2900 codices2

77 2946 104 3004 et
127 2947 315 3031 antiquitate
345 2952 377 3012 et
404 2947 549 3012 bonitate
582 2947 713 3011 eximios
746 2968 826 3030 (puae
853 2949 962 3010 mutua
990 2946 1072 3009 ratio
1105 2945 1202 3008 inter—

78 3051 171 3138 cedat,
197 3057 363 3122 difficilius
395 3079 490 3142 qnam
515 3057 678 3140 quaeritur
710 3057 928 3138 respondetur.
979 3055 1039 3130 Qui
1074 3055 1134 3118 etsi
1168 3055 1202 3118 in

76 3161 209 3229 tollendis
231 3167 357 3230 mendis
379 3167 570 3230 deteriorum
593 3166 745 3230 librorum
771 3165 955 3248 saepissime
985 3165 1200 3244 consentiunt,

77 3273 170 3338 tanen
197 3297 269 3340 cnm
298 3276 442 3358 plurimis
470 3275 622 3358 exemplis
655 3275 718 3358 ipsi
745 3273 955 3354 dissentiant,
993 3277 1106 3338 neuter
1139 3273 1202 3336 diei

76 3383 168 3460 potest
194 3389 358 3470 tamquam
388 3385 535 3470 ingenita
562 3385 680 3448 virtute
703 3384 749 3447 ita
771 3387 935 3467 praestare
965 3383 1074 3462 alteri,
1105 3387 1141 3445 nt
1164 3404 1201 3444 ex

76 3509 106 3551 00
132 3496 219 3576 quasi
257 3495 411 3578 primario
443 3495 533 3558 sonte
567 3493 695 3558 criticae
735 3493 812 3555 artis
851 3493 1013 3556 factitatio
1053 3491 1199 3575 pendeat,

76 3601 301 3678 posthabendas
330 3608 436 3668 autem
458 3604 516 3685 sit,
540 3603 566 3666 si
590 3625 607 3666 e
628 3601 832 3666 multitudine
854 3601 1010 3665 bonarum
1032 3601 1202 3684 scriptura·

76 3727 135 3772 rum
161 3711 313 3777 indicium
342 3715 414 3794 liat,
444 3713 525 3776 alter
548 3712 656 3776 codex.
701 3711 802 3776 Immo
824 3714 857 3774 et
878 3709 1049 3774 manifesto
1072 3709 1202 3773 vitiosas

78 3817 119 3878 vel
143 3822 224 3885 solus
254 3829 280 3884 Α
313 3823 363 3886 vel
389 3827 418 3886 B
450 3822 535 3885 solus
567 3821 680 3903 habet,
707 3824 748 3911 “et
775 3821 945 3884 manifesto
978 3840 1069 3882 veras
1096 3819 1145 3882 vel
1174 3823 1203 3882 B

77 3924 150 3989 solus
184 3931 234 3993 vel
270 3932 356 3995 solus
394 3938 436 4012 A,
474 3931 567 4014 idque
604 3931 673 4014 pari
711 3931 811 3993 ferme
847 3931 881 3992 in
916 3935 1048 4011 utroque
1085 3949 1202 4012 genere

80 4096 266 4114 ‘'Q—*-

135 4197 158 4264 *l
181 4198 253 4266 [Nisi
272 4199 346 4266 qnod
364 4203 393 4254 et
411 4199 571 4254 Coisliniani
589 4201 617 4252 et
635 4199 715 4268 Regii
734 4200 866 4254 maiorem
888 4199 997 4267 partem
1020 4195 1105 4250 habui
1128 4214 1142 4250 c
1162 4214 1201 4250 cc·
1238 4229 1242 4238 ·

80 4281 128 4337 <lull
143 4287 257 4344 hominis
270 4292 369 4347 Graeci
387 4291 544 4356 collatione,
553 4292 605 4346 ‘ccii
623 4292 759 4360 Sypsomu
778 4309 891 4351 nornen,
909 4307 963 4344 non
977 4288 1051 4355 quod
1069 4287 1094 4341 ei
1111 4287 1202 4342 Kiess·

81 4371 168 4444 [lugius
190 4383 241 4436 vol.
262 4383 274 4436 l
295 4385 381 4454 praei.
401 4403 427 4454 p.
441 4383 480 4437 Vl
498 4384 571 4449 lecit,
589 4383 761 4454 Syposomod
