3050 5140
293 319 355 384 792
740 337 787 384 11
811 337 979 385 1111111

292 489 325 552 h.
350 510 377 552 e.
401 510 418 553 o
440 495 588 569 Iuppiter,
614 496 729 553 1111111111
752 496 833 554 dives
852 497 945 567 fiam!
989 490 1158 565 Quaeritur
1180 493 1253 575 iam,
1276 493 1345 576 quid
1367 516 1417 556 ne-

293 599 374 683 gotii
397 603 513 682 agant,
544 621 620 682 quos
644 599 786 663 videmus
814 601 855 664 ab
877 605 1012 684 utraque
1034 605 1126 686 parte
1149 603 1270 666 arboris
1296 604 1420 666 alicuius

294 709 371 772 duos
393 708 538 773 homines
561 710 646 773 sellis
669 709 855 773 insidentes
901 709 975 774 Non
998 714 1104 793 potest
1131 715 1242 775 nostra
1270 713 1421 776 sententia

294 819 432 882 dubitari
455 821 532 902 quin
555 821 624 883 olea
646 823 921 903 repraesentetur,
946 821 1033 884 cuius
1055 821 1217 886 fructuum
1239 822 1325 886 modo
1347 845 1421 885 mes·

294 929 337 992 sis
373 929 461 992 facta
494 930 546 992 sit.
590 929 702 1012 Neque
737 929 823 992 enim
856 930 920 992 alia
951 931 1017 993 ulla
1051 932 1146 994 arbor
1178 932 1257 1014 suit,
1294 955 1309 996 e
1340 933 1423 995 cuius

294 1044 427 1122 quaestu
449 1043 580 1121 repente
603 1039 780 1102 redundare
803 1040 934 1103 divitiae
957 1045 1103 1123 possent:
1131 1041 1164 1104 id
1192 1042 1274 1125 quod
1296 1043 1326 1105 in
1349 1065 1423 1105 mer-

296 1153 439 1212 caturam
461 1149 612 1213 oleariam
641 1149 753 1212 111111
779 1153 816 1212 11
845 1151 927 1233 quod
954 1151 1092 1214 maxime
1126 1154 1159 1214 et
1185 1157 1297 1215 notum
1322 1157 1370 1215 est
1397 1168 1424 1213 et

296 1259 457 1323 commode
481 1259 629 1343 cognosci
656 1281 694 1322 ex
718 1259 871 1322 Boeehhii
893 1259 975 1323 libro
997 1264 1104 1343 potest
1134 1283 1195 1344 quo
1218 1262 1425 1325 oeconomiam

296 1371 455 1453 publicam
469 1370 607 1433 civitatis
620 1368 866 1433 Atheniensium
880 1369 1062 1454 illustravit,
1080 1370 1169 1434 vol.I
1184 1393 1215 1454 p.
1228 1372 1287 1436 109
1299 1369 1371 1457 [110
1381 1371 1424 1433 ed.

297 1479 365 1566 alt]
400 1480 450 1543 lta
473 1482 579 1542 autem
607 1501 648 1543 ne
676 1479 753 1541 illud
782 1478 909 1562 quidem
930 1480 1026 1562 latet,
1062 1502 1117 1544 cur
1146 1479 1243 1564 caput
1269 1482 1424 1564 utriusque

295 1589 433 1653 hominis
457 1590 567 1673 (liceat
589 1590 673 1652 enim
697 1589 817 1672 aliquid
839 1611 995 1673 occupare
1018 1612 1055 1653 11
1078 1591 1179 1653 altero
1203 1591 1315 1676 111111)
1347 1612 1426 1652 eoro-

296 1703 407 1763 111111
425 1699 657 1782 conspiciatur;
680 1721 772 1782 quem
790 1699 973 1762 admodum
989 1700 1075 1762 enim
1097 1701 1151 1784 qui
1173 1701 1365 1764 sindemiam
1386 1700 1427 1762 la-

297 1809 396 1890 ciunt,
420 1809 513 1871 sertis
536 1809 714 1892 pampineis
737 1808 900 1872 redimitos
928 1831 1022 1892 saepe
1050 1811 1225 1892 reperimus
1256 1812 1290 1874 in
1317 1811 1427 1874 veteris

297 1920 376 1982 artis
409 1921 641 2002 monumentis,
677 1920 722 1981 ita
754 1920 932 1983 olivitatem
966 1942 1025 2002 par
1059 1923 1108 1984 est
1139 1919 1254 1984 fronde
1287 1921 1427 2004 oleagina

230 2044 277 2093 181
296 2029 482 2112 significari.
521 2028 638 2092 Verum
662 2028 809 2112 fallatur,
839 2029 892 2113 qui
915 2030 1017 2112 ipsam
1031 2030 1150 2093 ‘messis
1172 2030 1339 2094 faciendae
1361 2053 1426 2113 ope·

297 2162 365 2202 ram
388 2139 449 2202 hac
470 2139 595 2222 pictura
619 2140 753 2222 exprimi
776 2140 946 2204 existimet.
969 2139 1105 2204 Peracta
1128 2142 1325 2222 1111111111,
1348 2163 1427 2223 pres-

297 2249 451 2314 1111111111
474 2250 562 2332 prelo
584 2250 688 2313 oleum
716 2272 754 2312 ex
786 2250 887 2314 olivis.
933 2250 1018 2314 Nam
1052 2273 1088 2314 eo
1116 2255 1307 2334 occupatum
1339 2251 1428 2314 domi·

298 2383 375 2425 num
408 2360 517 2423 oliveti
549 2360 707 2443 videmus,
745 2364 781 2422 11
816 2360 966 2424 haustum
1000 2383 1038 2424 ex
1075 2362 1181 2445 ampla
1211 2360 1364 2444 amphora
1395 2361 1429 2423 ad

298 2471 394 2555 pedes
417 2470 521 2553 posita
543 2471 647 2533 oleum
675 2492 731 2553 per
761 2470 998 2534 infundibulum
1023 2471 1143 2534 curiose
1171 2493 1208 2535 ac
1240 2471 1375 2535 sollicite
1400 2472 1429 2533 iu

299 2583 462 2645 vasculum
484 2581 656 2664 immittat,
680 2585 731 2662 ut,
756 2583 910 2664 quantum
932 2582 1063 2645 tandem
1086 2582 1127 2644 sit
1151 2580 1233 2664 quod
1257 2581 1336 2644 lucri
1358 2583 1430 2644 fecc-

299 2692 358 2775 rit,
399 2691 560 2755 metiendo
593 2691 745 2774 exploret.
792 2690 860 2754 Nec
894 2693 980 2754 enim
1012 2693 1109 2756 alium
1142 2713 1238 2774 quam
1271 2711 1431 2754 mensurae

301 2825 392 2866 usum
419 2803 536 2864 habere
569 2801 733 2865 vascnhun
765 2799 843 2863 illud
877 2805 992 2883 potest.
1037 2801 1195 2876 Quoniam
1215 2804 1352 2891 autem,
1385 2800 1430 2882 qui

302 2935 368 2976 rem
390 2911 542 2995 liquidam
565 2932 721 2994 quamque
750 2910 818 2976 vult
846 2911 968 2992 metiri,
997 2912 1179 2974 necessario
1206 2911 1327 2974 duobus
1358 2911 1431 2972 rasis

303 3045 380 3104 opus
403 3022 515 3103 habet,
541 3021 641 3084 altero
664 3041 680 3083 1
703 3043 764 3104 quo
787 3021 928 3084 nondum
950 3043 1095 3084 mensam
1117 3020 1262 3103 hauriat,
1287 3021 1432 3083 alteroin

303 3133 385 3215 <prod
408 3129 559 3194 infundat
581 3131 769 3212 dimensam,
794 3153 859 3194 non
882 3131 998 3194 oblitus
1021 3135 1070 3194 est
1091 3131 1197 3214 pictor
1218 3131 1355 3194 alteram
1377 3152 1432 3192 am·

304 3242 435 3324 phorum
459 3241 654 3304 simillimam
677 3261 837 3324 apponere
866 3240 906 3303 ad
929 3241 1023 3324 pedes
1051 3240 1182 3304 alterius
1210 3239 1351 3302 hominis
1376 3239 1432 3301 sive

305 3352 399 3415 amici
430 3353 496 3414 1111
526 3350 693 3433 participis
721 3350 807 3412 illius
829 3351 967 3434 negotii,
997 3350 1051 3433 qui
1073 3349 1199 3434 quidem
1221 3351 1349 3412 laevum
1374 3351 1434 3410 bra·

306 3463 410 3526 chium
432 3461 570 3544 porrigit
592 3482 720 3543 prorsus
743 3463 778 3522 ut
801 3460 853 3543 qui
876 3460 1055 3542 vasculum,
1080 3459 1173 3523 simul
1194 3463 1288 3543 atque
1309 3460 1430 3542 plenum

305 3572 365 3635 olei
388 3572 502 3654 fuerit,
527 3593 563 3632 ex
589 3570 683 3633 amici
706 3571 853 3633 manibus
876 3572 1078 3652 suscepturus
1102 3569 1153 3632 sit.

389 3681 543 3764 Progredi
566 3680 605 3744 ad
634 3680 790 3762 posticum
818 3681 901 3743 latus
929 3678 1014 3742 licet.
1059 3678 1197 3742 Eosdem
1224 3677 1270 3741 ibi
1297 3676 1432 3740 homines

306 3792 495 3874 reperimus,
525 3790 747 3872 simillimoque
775 3789 904 3873 habitu,
939 3789 1002 3852 nisi
1030 3789 1123 3873 quod,
1149 3789 1203 3871 qui
1226 3787 1261 3852 in
1283 3787 1432 3850 anteriore

306 3906 397 3985 parte
422 3901 607 3964 consederat
631 3924 648 3962 a
676 3901 803 3980 dextra,
832 3921 918 3962 mure
941 3902 1005 3962 stat
1033 3921 1052 3961 a
1074 3898 1221 3980 sinistra,
1254 3901 1285 3959 et
1311 3910 1431 3958 vestem.

306 4035 386 4095 (prae
420 4011 603 4074 sedentibus
640 4011 829 4093 complicata
863 4031 958 4092 supra
990 4009 1112 4072 femora
1146 4011 1231 4089 erat,
1266 4005 1317 4068 hic
1351 4026 1432 4087 supra

307 4144 447 4184 umerum
472 4122 610 4203 collegit.
657 4120 741 4183 Nam
764 4120 898 4183 eundem
921 4120 1004 4183 hunc
1033 4139 1100 4181 esse
1129 4119 1224 4200 atque
1252 4116 1362 4196 11111111,
1393 4115 1430 4174 rel

307 4233 435 4312 lancula,
474 4254 567 4315 quem
603 4236 736 4314 utroque
772 4231 841 4293 loco
879 4233 977 4311 tenet,
1016 4227 1093 4290 satis
1130 4225 1285 4290 declarari
1308 4225 1430 4288 11111111.

308 4343 402 4408 Cuius
426 4344 529 4406 baculi
553 4365 643 4406 usum
672 4341 711 4404 ad
735 4339 940 4403 clccutiendas
969 4339 1007 4402 de
1035 4337 1148 4402 arbore
1175 4339 1317 4401 maturas
1346 4334 1431 4399 olivas
