2976 5140
290 331 352 394 648
673 348 720 392 nu
744 347 813 394 ouo
837 348 881 394 nr
904 347 1047 394 omoun.

291 501 395 584 prolat
398 523 416 562 a
383 500 479 562 tad
495 500 671 583 Thamyrin
692 501 826 564 minime
844 505 977 584 speetan
935 504 1052 564 antut
1054 503 1301 582 λἩΗρωδιανόι
1293 526 1321 566 m
1335 505 1398 566 illius

291 613 395 675 locum
418 611 535 673 substit
494 611 618 673 ttuerit
639 611 803 674 Osannus:
828 612 966 693 tametsi,
992 612 1103 696 quod
1095 635 1129 675 m
1154 613 1282 676 Homeri
1302 637 1398 676 versum

290 722 353 786 593
376 721 579 784 Herodianus
603 724 836 784 commentatus
859 725 917 804 est,
945 744 1005 785 nec
1027 723 1092 786 ullo
1114 723 1208 786 modo
1231 724 1356 806 pertinet
1371 725 1399 788 ad

291 855 320 895 v.
346 832 409 896 594
431 853 491 894 nec
515 831 554 893 ad
578 832 655 894 illud
678 831 716 894 de
739 833 859 914 Δωτίῳ
887 832 1122 916 testimonium,
1153 833 1237 917 quod
1259 856 1295 897 ex
1314 839 1400 897 octavo

290 948 358 1021 τῆ(
379 943 551 1006 καθόλου
574 939 745 1024 profertur.
780 942 950 1006 Praeterea
966 965 1028 1026 quo
1050 943 1142 1006 modo
1166 943 1400 1026 Herodiaui,01i

291 1054 453 1136 ipsiusque
470 1051 626 1135 Stephani
641 1053 738 1116 verba
761 1053 897 1116 invicem
920 1054 1006 1117 inter
1028 1075 1061 1117 se
1084 1054 1344 1135 discriminentur,
1363 1077 1400 1118 ne

293 1186 452 1248 quaquam
468 1164 513 1226 ita
535 1166 635 1246 patet,
659 1167 694 1225 ut
716 1185 781 1226 non
803 1165 938 1227 multum
961 1163 1080 1228 habeat
1096 1167 1332 1229 controversiae.
1358 1166 1401 1230 lle

292 1275 388 1356 nique
404 1274 591 1357 quicumque
607 1273 661 1336 ille
677 1277 735 1355 est,
760 1274 813 1357 qui
830 1277 1055 1340 ινντάιεειν
1074 1275 1203 1358 dicitur,
1220 1299 1284 1340 non
1298 1279 1401 1359 possum

293 1385 421 1468 integra
445 1406 531 1466 esse,
557 1405 637 1467 quae
660 1384 699 1446 de
724 1385 896 1464 Χαλκηδών
920 1387 1156 1466 ολΚαρχηδών
1175 1387 1399 1470 praecipiuntur.

292 1494 377 1558 Nam
400 1494 426 1556 si
449 1494 574 1557 diversa
597 1497 673 1556 sunt
694 1496 828 1573 Δώριον
852 1498 885 1558 et
907 1497 1053 1561 Adnmv:
1087 1496 1215 1560 diversa
1237 1500 1335 1560 autem
1352 1517 1401 1558 esse
1472 1489 1473 1500 ¹

293 1606 361 1687 ipse
389 1605 471 1668 Orus
501 1604 697 1688 significavit
723 1611 1071 1684 .παριιτοροῦντοε
1103 1607 1218 1670 verbo:
1254 1605 1403 1690 quomodo

294 1716 413 1778 eliam
435 1715 490 1777 illa
513 1715 672 1777 rationem
695 1715 782 1798 sequi
806 1715 954 1778 dicantur
982 1719 1077 1799 atque
1102 1718 1275 1796 Χαλκηδών
1297 1719 1326 1780 et
1345 1719 1403 1793 Καρ·
1472 1711 1473 1734 ’

294 1826 412 1905 χηδών,
435 1846 568 1908 quorum
591 1825 668 1886 item
690 1824 859 1888 diversitas
882 1826 1060 1908 explicatur
1081 1827 1235 1909 proximis
1256 1829 1274 1905 ὴ
1293 1831 1342 1905 μὲν
1360 1829 1404 1902 γὰρ
1472 1839 1473 1928 l

295 1958 321 1997 e.
346 1958 377 2018 q.
401 1936 452 1997 s?
496 1934 584 2017 Ergo
607 1935 722 2018 igitur,
758 1936 832 2018 quia
860 1937 995 1999 eandem
1022 1936 1127 2019 potius
1155 1941 1337 2021 sequuntur,
1365 1940 1405 1996 aut
1472 2003 1473 2016 ,

295 2045 328 2108 in
352 2046 470 2124 δμοίως
493 2046 686 2109 mutuatam(
709 2046 866 2128 particula
895 2047 941 2110 sic
963 2046 1111 2110 librarios
1134 2048 1274 2132 corrige:
1308 2047 1406 2120 οὐγὰρ
1472 2051 1473 2084 l

295 2157 416 2235 ὁμοίω(
448 2156 467 2234 ἡ
498 2157 671 2234 Καλχηδών
700 2160 749 2222 καὶ
786 2158 960 2235 Καρχηδών
989 2159 1040 2221 καὶ
1066 2159 1106 2221 τὰ
1139 2163 1270 2222 τοιαῦτα
1296 2158 1406 2232 λέγεται

245 2274 277 2322 60
296 2265 413 2350 ηιιίρρο
442 2287 499 2348 pro
528 2267 702 2344 Χαλκηδών
731 2270 874 2348 praestat
905 2268 1094 2346 Καλχηδών,
1129 2268 1280 2351 quoniam
1306 2267 1336 2330 in
1360 2287 1406 2327 uua
1472 2283 1473 2358 χ

294 2380 439 2457 tantum,
469 2397 533 2438 non
556 2376 590 2438 in
613 2375 735 2439 duabus
758 2377 875 2440 litteris
899 2380 1044 2440 versatur
1065 2399 1147 2460 quae
1169 2378 1317 2461 deinceps
1336 2398 1406 2457 erpo

296 2487 384 2549 nitur
406 2485 583 2568 scripturae
605 2485 788 2549 diversitas:
827 2491 882 2550 aut
910 2491 1041 2570 propter
1069 2489 1235 2551 nominum
1258 2485 1406 2551 similitudi·
1472 2483 1473 2574 J

297 2619 370 2659 nem
394 2595 513 2678 aliquid
538 2595 691 2658 excidisse
719 2600 798 2679 puta
827 2597 861 2660 in
883 2598 969 2660 hanc
991 2598 1146 2680 speciem:
1184 2600 1224 2662 οὐ
1246 2600 1319 2677 γὰρ,
1343 2597 1406 2668 diti

298 2708 471 2784 Χαλκηδών
500 2707 549 2769 καὶ
580 2708 770 2785 Καλχηδών,
799 2709 884 2772 οὕτω
914 2711 963 2772 καὶ
987 2710 1161 2788 Καλχηδών
1190 2711 1241 2773 καὶ
1263 2706 1407 2787 Χαρχηδών
1472 2681 1473 2758 λ

297 2820 346 2881 καὶ
367 2818 406 2880 τὰ
428 2822 561 2880 τοιαῦτα
583 2818 716 2892 λέγεται.
760 2817 810 2879 lta
833 2818 867 2880 in
889 2817 1047 2900 prioribus
1069 2840 1168 2881 unum
1190 2819 1289 2882 habes
1310 2839 1344 2880 ex
1362 2813 1408 2878 illis

297 2929 609 3006 διχογραφονμένοιτ
631 2929 866 3005 πρώτοτύποιτ,
891 2950 961 2991 cum
976 2928 1091 3011 quibus
1106 2931 1241 3008 Δώριον
1259 2932 1291 2992 et
1305 2929 1407 2992 Adsum

297 3039 416 3100 formas
433 3037 515 3100 Orus
538 3037 618 3100 dicit
605 3041 657 3099 tur
673 3060 863 3120 τυντατεειν,
880 3039 911 3100 λι
929 3061 956 3102 e
973 3061 1039 3101 non
1056 3061 1242 3122 comparare
1264 3043 1299 3103 ut
1317 3035 1408 3100 similes

298 3147 351 3210 sed
376 3150 623 3230 componerent
645 3147 795 3210 diversas.
829 3148 960 3212 sedete
961 3148 1087 3231 pharius
1102 3149 1231 3232 quidem
1253 3149 1338 3212 hoc
1331 3165 1409 3230 ipsum
1472 3155 1473 3200 ἓ

1472 2875 1473 2928 λ

1472 2949 1473 2982 λ

1472 3093 1473 3132 ι

298 3260 332 3322 ἐκ
360 3263 508 3336 περιττοῦ
536 3261 649 3320 notare
678 3259 777 3321 Orum
805 3258 925 3321 iudicat
953 3281 991 3322 ac
1018 3280 1060 3322 ne
1088 3281 1167 3341 opus
1190 3257 1349 3342 quideml
1348 3256 1408 3318 use

298 3368 343 3431 rei
367 3368 445 3430 satis
469 3372 560 3450 apert
562 3391 599 3430 ae
547 3368 821 3431 tilemoustt
755 3371 821 3431 ttra
823 3369 894 3431 ione
918 3368 973 3450 ait,
997 3368 1088 3431 mult'
1065 3373 1106 3432 tis
1128 3369 1203 3431 ab
1193 3392 1264 3452 ipso
1286 3364 1409 3447 exempli

298 3478 448 3542 declarat·
427 3482 489 3542 tae.
536 3479 587 3541 Ad
610 3479 754 3541 horum
746 3479 806 3562 roit
807 3501 845 3541 ur
872 3480 952 3542 mult
939 3479 1108 3558 titudinem
1132 3483 1230 3542 antea
1254 3480 1408 3544 collalomn

299 3593 425 3671 spectat
451 3590 560 3654 τοίνυν
590 3589 764 3671 particula,
800 3589 839 3651 ad
868 3589 1086 3652 Herodianum
1113 3590 1254 3653 minime.
1299 3589 1341 3652 Er
1364 3606 1409 3668 quo

299 3702 468 3782 postquam
490 3700 615 3761 illorum
640 3699 786 3762 ultimum
813 3700 1068 3763 testimoniorum
1090 3701 1228 3783 petitum
1250 3701 1322 3780 fuit,
1347 3693 1408 3760 nihil

299 3811 363 3872 iam
384 3811 537 3892 proximis
554 3833 719 3872 emmnune
736 3831 803 3872 esse
828 3833 898 3872 cum
915 3813 990 3872 τιιιλο
1005 3809 1176 3892 disputatis
1194 3811 1299 3873 voluit.
1327 3803 1409 3880 Quol-

299 3921 324 3982 si
359 3921 393 3984 ἐκ
426 3926 575 3999 περιττοῦ
609 3921 792 3983 Herodiano
826 3943 1005 4005 repugnare
1040 3921 1122 3984 Orus
1155 3921 1321 3999 diceretur,
1353 3910 1409 3998 quid

299 4032 440 4112 tandem,
465 4054 596 4114 (praesu,
622 4031 656 4093 in
678 4031 837 4114 prioribus
860 4031 937 4093 illud
961 4035 1060 4112 esset,
1083 4030 1168 4114 quod
1190 4031 1231 4094 ab
1253 4026 1409 4093 Herodiano

300 4143 458 4223 proditum
487 4142 669 4224 displiceret
697 4142 783 4204 Oro?
833 4141 877 4203 m
909 4146 944 4204 ut
971 4142 1162 4225 largiamur,
1196 4140 1276 4224 quod
1306 4135 1409 4220 quidm

301 4252 502 4314 concedimus
524 4253 671 4332 minime,
697 4252 781 4314 infra
804 4273 861 4334 pro
883 4251 1027 4316 Ἠείοδοι
1056 4251 1209 4333 scriptum
1233 4273 1251 4313 a
1272 4247 1410 4330 Stephano

300 4361 397 4423 fuisse
427 4364 641 4441 (Ηρώδιανόι,
677 4362 764 4424 itane
800 4384 870 4424 cum
899 4361 1048 4425 technieo
1079 4363 1162 4426 Orus
1195 4358 1351 4424 dissentiat
1378 4373 1407 4412 au
1472 4395 1473 4400 η
