2942 5134
111 401 137 447 c.
153 399 578 448 ns1s1ouauannauionas
602 399 638 446 ιπ
654 397 826 446 insonum
844 397 1094 465 numeruntur.
1125 379 1188 444 379

66 553 203 632 τηλέορατ
224 583 267 610 =
287 557 454 632 τηλοῡροτ.
504 551 681 636 Vtrumque
709 549 802 614 buius
826 550 912 614 vocis
941 554 1125 632 accentum,
1156 553 1188 614 et

66 683 184 744 pravum
205 667 236 726 et
257 684 377 745 verum,
400 663 492 726 novit
513 660 704 746 Hesychius.

138 771 174 836 V.
206 773 248 837 49
283 771 418 838 Stanleii
451 772 579 857 quidem
611 773 733 852 ἐπαχθῆ
771 771 886 834 mirere
922 770 1048 854 placere
1085 770 1187 835 doctis

66 880 227 946 hominibus
250 883 401 966 potuisse.
447 882 625 948 Offensioni
654 885 702 946 est
728 881 876 967 ignotum
896 879 1030 964 tragicis
1053 881 1187 944 vocabu-

65 991 134 1073 lum,
165 994 276 1076 quibus
298 993 450 1058 usitatum
473 993 630 1074 ἀχθεινότ.
677 992 738 1057 Sed
761 992 890 1076 gravius
912 989 983 1073 boe,
1012 990 1095 1073 quod
1118 991 1187 1054 irri-

65 1100 146 1166 dendi
167 1103 226 1168 ista
248 1103 408 1168 acerbitas
430 1125 491 1168 nec
520 1102 606 1168 cadit
628 1103 663 1168 in
685 1102 822 1166 Roboris
844 1101 982 1164 ferreum
1005 1104 1131 1184 pectus,
1156 1103 1187 1163 et

67 1233 129 1275 uero
154 1213 255 1278 aliena
285 1216 334 1278 est
360 1214 401 1278 ab
428 1235 513 1278 nexu
541 1235 734 1278 sermonum.
778 1211 929 1276 irridenti
960 1211 1045 1274 enim
1068 1209 1187 1274 Robori

66 1328 121 1386 uon
140 1327 185 1388 est
207 1347 262 1388 cur
284 1345 350 1388 non
372 1323 513 1408 potuerit
534 1322 726 1407 respondere
748 1321 928 1386 Vulcanus:
957 1324 992 1385 at
1013 1321 1110 1386 οὐδὲν
1133 1320 1187 1387 ἀν-

65 1436 167 1498 τειπεῖν
198 1435 270 1514 ἔχει.
315 1433 503 1498 Extremum
531 1433 658 1518 aliquod
687 1435 911 1518 argumentum
934 1435 1003 1496 erat
1025 1431 1187 1516 proferen-

64 1539 136 1624 dum,
157 1544 237 1628 quod
260 1545 440 1630 expugnari
463 1565 528 1608 non
551 1543 673 1608 liceret.
718 1543 797 1606 Tale
820 1546 927 1606 autem
948 1541 1008 1606 hoc
1032 1545 1096 1606 est:

219 1705 342 1772 ἅπαντ’
365 1706 551 1786 ἐκράνθη,
573 1707 658 1786 πλὴν
681 1707 778 1770 osuiu
802 1703 1013 1788 κοιρανεῖν.*)

63 1866 185 1941 κραίνειν
216 1867 255 1931 de
288 1867 351 1930 fati
378 1866 585 1949 necessitate,
620 1865 659 1930 de
690 1865 775 1929 Iovis
808 1865 944 1928 decretis
971 1863 1069 1928 habes
1103 1863 1187 1948 apud
1205 1871 1265 1921 xxn

64 1971 231 2058 Euripidem
253 1976 375 2040 Electr.
403 1976 494 2040 1248,
525 1975 687 2060 Frequens
710 1977 817 2039 autem
838 1975 997 2038 veteribus
1019 1973 1186 2056 monitum,

65 2083 138 2148 cuius
159 2086 220 2149 vim
242 2086 367 2152 nullum
390 2089 555 2170 superaret
583 2089 823 2170 argumentum,
858 2087 998 2164 (τέργειν
1026 2085 1066 2149 τὰ
1094 2105 1187 2162 κραν-

64 2193 157 2274 θέντα,
178 2199 214 2260 ut
235 2200 286 2260 est
308 2195 385 2261 Eur.
410 2196 514 2260 Orest.
541 2195 632 2260 1021.
678 2193 740 2260 Sed
767 2217 809 2260 ne
836 2195 906 2279 quis
936 2216 973 2258 ex
997 2193 1187 2259 scholiastae

64 2305 211 2370 notafione
234 2307 343 2374 πάντα
365 2307 399 2372 ἐκ
421 2310 543 2388 μοιρῶν
566 2307 727 2371 δέδοται
749 2305 927 2390 perfectum
954 2307 1079 2388 tempus
1103 2303 1187 2368 coni·

64 2411 118 2475 ciat
141 2415 235 2481 fuisse
259 2417 416 2501 positum,
447 2416 644 2480 consimilem
672 2415 923 2498 discrepantiam
952 2413 1188 2478 animadvertat

64 2543 87 2585 v.
107 2525 177 2590 653:
203 2525 389 2616 τέθαλπται]
418 2527 578 2606 ἐξεκαύθη.
624 2525 772 2590 Aoristus
800 2527 907 2589 autem
937 2527 986 2588 est
1011 2523 1186 2606 narrantis,

64 2639 92 2694 ut
115 2639 180 2717 post
206 2637 385 2702 debellatos
407 2635 541 2702 Titanas
571 2657 590 2700 a
621 2635 696 2700 love
730 2639 846 2700 cuncta
873 2634 940 2698 sint
966 2633 1120 2717 disposita
1150 2655 1188 2698 ac

65 2746 232 2812 constituta.
887 2770 893 2780 ·

135 2853 172 2919 V.
195 2858 236 2922 66
260 2857 326 2923 αἰαῖ
348 2857 518 2942 coniunge.

136 2963 172 3029 V.
204 2967 266 3032 155
304 2966 483 3032 rationibus
515 2965 549 3030 in
578 2987 712 3030 censura
747 2965 895 3030 editionis
929 2964 1188 3028 Wellaueriuuae

65 3067 196 3155 [prem.
219 3077 285 3141 litt.
309 3077 436 3140 lenens,
461 3099 491 3140 a.
511 3077 591 3140 1824
614 3098 655 3140 m.
673 3075 766 3140 Febr.
790 3098 822 3160 p.
839 3075 915 3160 229]
938 3074 1090 3158 expositis
1114 3095 1187 3137 con-

64 3187 201 3250 sentanea
223 3191 274 3252 est
294 3186 375 3252 haec
397 3187 593 3251 emendatio:
628 3189 678 3251 ὼ(
700 3189 744 3267 μή
767 3207 824 3253 τις
846 3189 935 3252 θεὸς
957 3187 1081 3251 roicb'
1104 3185 1188 3249 ἐπε-

63 3295 166 3368 γήθει.

136 3403 173 3468 V.
199 3407 259 3472 188
289 3407 434 3470 conicere
457 3405 533 3470 licet
554 3405 601 3470 sic
623 3407 777 3489 scriptum
800 3405 976 3490 antiquitus
999 3405 1111 3469 fuisse:

293 3546 333 3609 τὸ
356 3543 480 3609 δίκαιον
502 3543 588 3622 ἔχων
611 3543 702 3608 Ζεύε.
747 3544 822 3606 ἀλλ’
844 3543 944 3621 ἔμπα(

295 3652 355 3718 οἴω
379 3653 495 3718 πάλιν
519 3653 565 3717 αὖ
587 3653 851 3731 μαλακογνώμων
874 3681 929 3715 —-:

65 3791 135 3873 qnod
155 3816 219 3861 non
242 3795 376 3862 nimium
398 3795 518 3860 recedit
541 3797 582 3862 ab
604 3796 717 3862 vicinis
740 3796 881 3882 syllabis

121 4081 144 4156 *ν
162 4090 286 4146 Eandem
312 4091 341 4146 in
368 4092 535 4146 sententiam
553 4093 583 4146 B.
602 4095 634 4146 Α.
654 4093 879 4162 Toepebnannns
906 4092 991 4147 vertit
1019 4089 1123 4146 Conun.
1153 4087 1187 4148 du

66 4177 181 4250 Aeschyli
198 4184 365 4240 Prometheo
384 4183 503 4254 [Lipsiae
522 4203 546 4240 a.
567 4187 643 4255 1829]
662 4203 687 4256 p.
708 4193 753 4240 θαι

264 4301 413 4358 Bestinnnt
429 4303 467 4356 ist
484 4305 559 4359 Alles
577 4308 709 4359 ausser'm
727 4303 972 4374 Gotterregimeut.

66 4408 145 4470 Vertit
161 4423 253 4474 autem
271 4421 373 4490 ἐτάχθη
394 4423 436 4490 [ac
454 4421 576 4476 debebat
595 4423 694 4481 saltem
712 4430 786 4478 acurd
802 4441 853 4494 pro
873 4425 923 4493 loll.
