2990 5140
462 373 498 419 ιιι
521 371 804 422 λαιαποιγιικοκ.
1135 355 1225 444 205,
1303 363 1306 370 '

54 526 119 604 ἅμα
134 525 263 609 ἀντῳδὴ
278 527 328 590 καί
344 527 571 606 ἀντίετροφοε,
587 527 624 590 τὸ
641 527 676 590 δέ
692 527 830 606 έβδομον
845 524 1069 604 ἀντεπίρρημα.
1101 525 1197 602 Ῐαυγὶ

18 661 41 700 ιε
55 637 113 712 μὲν
137 639 205 702 τῶν
228 637 359 715 ἀνδρῶν
381 635 455 700 εἰείν
482 633 593 714 ὧνπερ
616 636 753 716 ἔφημεν·
782 634 903 712 κάνπερ
925 634 1011 714 ἡμεῑε
1034 633 1197 713 ευντόμωε

54 747 105 809 καί
128 750 229 810 ταῦτα
251 747 301 810 καί
316 747 519 826 εαφεετέρωε
535 745 722 825 εἰρήκειμεν,
745 745 783 810 τὸ
806 744 919 824 ἀρνίον
943 744 1043 808 δὲκαὶ
1064 743 1195 822 τραγίον

54 859 208 922 εκοπεῑτε.
266 856 399 921 Τούτοιε
427 856 446 934 ἡ
473 858 596 937 (τροφὴ
628 857 678 920 καὶ
707 854 918 934 ἀντίετροφοε
951 853 1106 932 ἀνωτέρω
1140 856 1196 931 μὲν

53 965 212 1045 ἐπίρρημα
234 965 397 1044 άκαλεῑτο,
426 970 486 1031 νῦν
514 968 550 1030 δὲ
571 966 590 1044 ἡ
615 967 682 1050 ᾠδὴ
705 967 844 1029 καλεῖται
867 965 917 1028 καλ
939 965 1077 1045 ετροφή·
1100 965 1138 1028 τὸ
1161 965 1196 1026 δὲ

52 1077 118 1153 μετ’
147 1075 248 1154 αἰπήν
276 1075 422 1155 πέμπτον
450 1077 547 1156 μέροε
575 1075 746 1154 ἐπίρρημα,
778 1074 948 1158 ἡάντιμδή
976 1075 1082 1138 δὲκαὶ
1110 1073 1195 1138 άντί-

18 1199 41 1239 τι
55 1205 213 1264 ετροφοε,
236 1186 451 1266 ἀντεπίρρημα
473 1187 509 1250 δὲ
529 1187 568 1250 τὸ
583 1181 610 1250 Z'
624 1186 735 1264 μέροε·
759 1185 838 1249 ὥετε
854 1184 1032 1264 ευμβαίνειν
1054 1183 1092 1248 τὸ
1108 1183 1194 1262 ἐπίρ-

53 1315 135 1373 ρημα
160 1297 371 1374 πεντώνυμον
386 1296 542 1374 γίνεεθαι,
565 1296 650 1375 ἔχειν
667 1296 724 1374 μέν
740 1297 798 1374 τὴν
811 1295 928 1358 ἑαυτοῦ
948 1295 1070 1371 κλῆειν,
1093 1296 1196 1358 καλεῖ-

33 1411 121 1468 ιεθαι
150 1407 186 1468 δὲ
214 1405 264 1469 καὶ
286 1407 429 1486 ετροφήν
453 1406 503 1470 καλ
533 1406 763 1486 άντίετροφον·
789 1404 808 1482 ἡ
836 1407 871 1469 δὲ
893 1405 960 1488 ῲδὴ
988 1405 1055 1468 κατ’
1076 1403 1192 1468 αὐτοὺ(
1212 1423 1260 1472 ιιο

52 1517 194 1578 καλεῖται
223 1515 273 1578 καὶ
301 1519 424 1595 ετροφὴ
453 1515 498 1580 ιλιε
526 1515 546 1593 ἡ
578 1515 705 1600 άντῳδὴ
737 1515 788 1578 καὶ
819 1513 1040 1595 άντίετροφοε.
1092 1511 1195 1578 Ἀλλά

52 1627 152 1687 ταῦτα
174 1625 232 1702 μέν
248 1624 278 1688 ολ
300 1628 540 1705 κομψοπρεπεῑε
562 1625 707 1704 ἐξηγηταί
729 1625 778 1689 καὶ
804 1625 1000 1688 διδάεκαλον
1030 1623 1078 1690 ολε
1101 1624 1195 1688 είπου

52 1733 110 1798 κᾶν
126 1737 200 1812 μιᾶε
211 1735 326 1800 λέξεωε
338 1734 555 1815 άβαεανίετωε
568 1734 725 1812 έπείεθην,
741 1733 834 1798 εὐθὺε
849 1736 916 1799 κατ’
931 1735 1048 1799 αὐτοὺε
1061 1735 1195 1814 ἀνηρτη-

19 1865 30 1902 ι
54 1845 149 1920 μένοε
164 1845 329 1923 μετέωροε
350 1843 457 1922 ἰκρίων
473 1848 532 1910 τοῦ
547 1845 690 1924 ψεύδουε
706 1844 856 1923 ἀρίδηλοε
876 1845 1012 1920 γέγονα,
1035 1844 1194 1924 τόργοιειν

53 1954 196 2032 αἰώρημα
212 1954 350 2032 φοινίαιε
365 1955 475 2032 δέμαε·
496 1953 541 2018 ὼε
557 1953 627 2034 άρτι
643 1955 722 2018 ποτὲ
743 1955 800 2032 τὴν
816 1955 940 2033 ἔφηβον
956 1954 1066 2032 ἡλικὸν
1081 1955 1194 2018 πατῶν

53 2064 181 2128 καὶτὸν
206 2062 345 2144 αἰθέριον
368 2064 580 2144 ἐξηγούμενοι
597 2065 758 2144 Ὅμηρον,
781 2065 915 2128 πειεθελε
936 2064 1123 2147 Ἠλιοδώριμ
1147 2068 1192 2147 τῷ

54 2175 213 2256 βδελυρῷ,
236 2171 331 2238 εἰπον
354 2176 512 2239 ευνθεῑναι
534 2177 592 2240 τὸν
614 2175 759 2253 Ὅμηρον
782 2173 833 2238 έπλ
855 2173 1079 2254 Πειειετράτοο
1102 2173 1192 2254 ἑβδο-

53 2283 191 2359 μήκοντα
213 2283 273 2347 δύο
296 2284 435 2365 εοφοὺε,
459 2281 507 2348 ὧν
523 2283 741 2364 ἑβδομήκοντα
763 2283 822 2346 δύο
846 2281 928 2347 εἶναι
948 2285 997 2347 καί
1017 2284 1074 2349 τὸν
1090 2282 1192 2361 Ζηνό-

19 2397 148 2458 ιιδοτον
172 2393 224 2456 καὶ
246 2393 466 2486 Ἀρίεταρχον(
486 2394 586 2459 καίτοι
608 2394 768 2472 τεττάρων
791 2391 921 2470 ἀνδρῶν
944 2393 995 2456 ἐπὶ
1012 2393 1192 2474 Πειειετρά-

53 2521 108 2566 του
131 2504 314 2568 ευνθέντων
341 2505 399 2569 τὸν
422 2505 582 2584 Ὅμηρον,
611 2503 726 2569 οἰτινέε
749 2501 824 2568 εἰαν
847 2501 951 2566 οὑτοι·
974 2503 1192 2579 ἑπικόγκυλοε,

54 2611 279 2690 Ὀνομάκριτοε
313 2614 493 2692 Ἀθηναῖοι,
527 2613 686 2693 Ζώπυροε
719 2613 938 2692 Ἠρακλεώτηε
970 2614 1020 2676 καὶ
1054 2613 1192 2693 Ὀρφεύε

56 2721 288 2800 Κροτωνιάτηε·
311 2722 500 2801 Ζηνοδότου
522 2725 557 2788 δὲ
580 2725 710 2802 χρόνοι(
733 2723 874 2802 ὑετέροιε
898 2723 949 2786 ἐπὶ
966 2727 1024 2786 τοῦ
1039 2723 1191 2786 Φιλαδέλ-

55 2849 117 2908 φοο
145 2831 246 2895 αὐτὸν
274 2831 536 2913 ἀνορθώεαντοε,
569 2833 679 2898 ἔπειτα
705 2834 741 2897 δὲ
768 2833 865 2896 πάλιν
892 2836 952 2897 τοῦ
980 2833 1190 2911 Ἀριετάρχου.

22 2939 157 3002 πΤαῡτα
189 2941 248 3018 μέν
283 2963 335 3020 μοι
367 2945 554 3027 Ἡλιοδώρῳ
589 2943 833 3023 ευμπέπτωκεν,
869 2946 936 3006 τοῑε
973 2943 1008 3006 δὲ
1044 2942 1192 3020 τραγικὰε

55 3049 178 3128 βίβλου(
210 3050 454 3130 έξηγηεαμένοιε
481 3054 630 3130 πειεθελε,
660 3051 709 3117 οίε
736 3055 785 3117 καὶ
814 3051 905 3117 οιίτοί
934 3073 1009 3131 φατι
1036 3052 1075 3116 τά
1098 3053 1189 3131 αὐτὰ,

53 3157 143 3223 εἷπον
171 3160 324 3240 Ὀρέετην
354 3163 405 3226 καὶ
432 3163 595 3242 Ἀλκηετιν
623 3161 792 3242 Εὐριπίδου
822 3165 871 3228 καλ
898 3165 956 3242 τήν
984 3161 1190 3242 (οφοκλέουε

52 3267 224 3349 Ἠλέκτραν
247 3271 329 3334 εἰναι
352 3273 499 3352 εατυρικὰ
522 3273 679 3352 δράματα,
704 3273 748 3336 ωε
770 3273 836 3336 ἀπὸ
859 3273 998 3337 πένθουε
1021 3272 1064 3336 εἰ(
1086 3273 1189 3351 χαρὰν

53 3381 287 3458 καταλήγοντα,
316 3382 366 3445 καὶ
390 3381 476 3445 οὕτω
500 3383 625 3462 μέτροιε
648 3385 698 3447 καὶ
719 3385 845 3447 λοιποῑε
872 3403 935 3460 μου
957 3381 1189 3460 ευγγράμμαειν

20 3488 188 3569 έῦῑράφων
218 3489 398 3566 ἐδίδαεκον,
428 3491 490 3556 έιαε
518 3493 680 3570 ἀναγνοὺε
710 3493 880 3571 Εὐριπίδου
913 3492 1020 3556 πολλά
1047 3491 1190 3570 δράματα

53 3595 145 3677 εὑρον
166 3601 219 3662 καλ
234 3599 340 3676 ἔγνων
356 3601 395 3666 τά
410 3603 556 3681 εατνρικά
576 3601 720 3680 δράματα
734 3603 862 3681 τέρψει(
882 3602 1047 3680 θομελικάε
1071 3601 1190 3680 άμιγεῑε

53 3708 99 3770 καὶ
119 3709 248 3784 γέλωτα
270 3711 423 3790 φέροντα
467 3713 526 3776 Ἐῶ
548 3714 623 3776 τοὺε
645 3713 788 3776 πολλοὺε
809 3712 859 3776 καὶ
880 3713 956 3776 τοὺ(
978 3713 1189 3792 λεξιγράφουε

52 3815 254 3900 Ὁμηρικοὺε,
282 3820 303 3884 ἃ
332 3821 492 3900 ηγνόηιαν
523 3822 568 3888 είε
597 3843 632 3888 τε
660 3823 759 3888 λέξειε
785 3823 873 3887 τινάε
901 3822 951 3886 καὶ
980 3821 1117 3902 ἱετορίαε
1140 3825 1189 3887 καλ

54 3925 141 4005 έτερα
163 3929 215 3992 καὶ
236 3933 295 3994 τοῦ
317 3936 453 4010 ποιητοῦ
469 3933 721 4012 κατεψεύεαντο,
747 3933 854 4011 ὥοπερ
875 3933 924 3996 καὶ
939 3932 970 3996 ολ
984 3932 1189 4012 προκείμενοι

23 4033 165 4116 οάνδρεε
196 4042 261 4103 τοίε
289 4041 361 4120 περλ
387 4047 454 4106 τῶν
483 4046 637 4121 εκηνικῶν
669 4045 773 4107 τῶνδε
795 4041 966 4123 δραμάτων
994 4043 1188 4122 διδάγμαειν,

57 4149 253 4164 Q*—

116 4205 158 4252 26.
177 4201 217 4267 δέ]
236 4207 285 4254 re?
347 4207 371 4256 ά.
390 4203 541 4273 τόργοιειν]
560 4202 695 4273 Lycophr.
716 4208 789 4258 1080.
847 4207 871 4257 λλ,
891 4202 1000 4270 ἡλίκον]
1021 4203 1063 4254 lta
1080 4201 1188 4286 videtur

55 4303 110 4342 οειο
137 4290 167 4344 in
191 4293 297 4359 codice,
325 4311 341 4348 ο
368 4311 422 4362 quo
445 4297 562 4366 excripsi
590 4297 629 4350 sic
656 4293 732 4364 ηλιέ.
825 4297 875 4366 [13.
900 4295 1092 4364 κρωτονιάτηε
1115 4297 1187 4366 οοά.]

55 4385 235 4440 ιακαιιοι
303 4394 344 4442 23.
363 4389 425 4458 Ὁμ)
444 4389 496 4444 cod
