2990 5140
303 335 366 396 234
654 350 810 396 'marana
834 351 1094 399 enonaoonaaa

304 505 431 580 Quaest.
462 505 586 569 Gallim.
618 527 647 586 p.
675 505 713 567 16
742 527 827 586 sqq.,
862 504 914 588 qui
948 505 1033 567 inter
1060 505 1101 568 ol.
1134 508 1193 570 116
1221 513 1253 569 et
1282 507 1344 570 134
1376 531 1452 569 earn

305 620 444 696 coercet,
461 619 493 678 et
509 619 542 678 ut
559 614 683 677 videtur
698 613 865 679 Clintonus
881 614 967 678 Fast.
985 614 1070 680 Hell.
1087 615 1135 679 Ill
1151 639 1182 700 p.
1202 618 1252 698 15,
1273 616 1328 700 qui
1348 640 1452 699 usque

305 726 345 788 ad
373 726 413 788 ol.
446 727 503 788 137
539 726 604 788 eius
638 730 776 788 aetatem
811 725 970 808 producit:
1004 727 1045 789 ab
1078 727 1180 789 altera
1209 731 1318 790 antem
1354 742 1453 810 parte

304 840 393 899 stant
415 835 640 918 Bernhardyus
664 836 704 898 ad
727 836 813 899 Suid.
839 859 869 918 p.
891 838 943 918 46,
968 841 1039 900 eum
1061 836 1102 901 ol.
1128 837 1186 900 127
1209 837 1452 902 Callimachum

304 947 472 1010 admodum
495 947 728 1010 adolescentem
756 947 854 1009 fuisse
876 947 978 1027 dicat,
1009 952 1041 1011 et
1063 947 1246 1031 Droysenus
1268 947 1360 1012 Hist.
1388 948 1453 1011 hel-

304 1058 429 1120 lenismi
445 1056 475 1119 ll
489 1080 520 1139 p.
535 1059 606 1138 715,
624 1058 676 1139 qui
693 1058 914 1120 consentiente
926 1057 1133 1141 Bernhardyo
1148 1057 1235 1121 Hist.
1252 1058 1317 1122 litt.
1335 1081 1452 1143 graec.

307 1168 332 1230 ll
358 1191 389 1250 p.
415 1168 622 1230 1035111111.
648 1167 707 1230 125
731 1190 827 1250 usque
850 1168 889 1230 ad
910 1168 950 1230 ol.
976 1169 1035 1232 135
1058 1190 1128 1231 eum
1151 1169 1295 1232 floruisse
1319 1170 1453 1231 statuit.

306 1278 518 1361 Antiquonun
534 1283 639 1341 antem
656 1278 846 1360 scriptoriun
867 1279 1066 1361 testimonia,
1090 1279 1236 1362 equibus
1252 1279 1336 1343 alius
1365 1279 1453 1342 aliud

306 1390 371 1451 fere
393 1409 470 1470 prae
494 1389 607 1457 ceteris
631 1392 755 1452 secutus
779 1395 843 1470 est,
868 1389 947 1452 haec
969 1393 1054 1452 sunt.

392 1501 419 1561 1.
452 1498 564 1562 Suidas
582 1500 722 1576 Καλλίμε
746 1500 806 1564 ἐπὶ
828 1501 863 1563 δὲ
879 1505 944 1563 τῶν
965 1500 1094 1578 χρόνων
1110 1501 1148 1578 ἠν
1163 1501 1379 1578 Πτολεμαίου
1397 1507 1456 1565 τοὺ

306 1611 512 1690 Φιλαδέλφου
534 1649 576 1658 -
598 1612 648 1673 καὶ
675 1611 840 1687 παρέτεινε
869 1611 957 1688 μέχρι
983 1615 1042 1674 τοῦ
1071 1610 1245 1690 Εὐεργέτου
1271 1613 1456 1689 κληθέντα(

305 1721 517 1797 Πτολεμαίου.
542 1719 661 1781 Gellius
677 1718 717 1782 N.
732 1720 771 1781 Α.
790 1718 894 1799 XVII,
911 1719 967 1782 21:
984 1719 1119 1782 ‘bellum
1136 1720 1304 1783 adversum
1321 1719 1456 1784 Poenus¹

308 1829 443 1910 primum
467 1833 613 1911 coeptum
637 1829 982 1911 est'(rr.c.490=01.
1008 1831 1077 1911 129,
1105 1832 1135 1911 1)
1152 1835 1272 1913 ‘neque
1296 1829 1355 1893 diu
1383 1847 1455 1914 post

239 1963 288 2011 211
308 1938 521 2003 tulliuraehus
544 1945 638 2021 poeta
662 1939 852 2022 Cyrenensis
877 1939 1091 2002 Alexandriae
1119 1940 1202 2023 apud
1225 1939 1455 2004 Ptolemaeum

306 2071 414 2131 regem
437 2050 614 2113 celebratus
641 2055 712 2113 est’
758 2050 784 2112 1]
808 2051 920 2132 quibus
948 2050 1009 2114 hoo
1032 2055 1118 2114 certo
1142 2051 1319 2134 colligitur,
1355 2051 1455 2116 Calli-

305 2161 452 2224 nraehum
469 2160 679 2243 Philadelpho
695 2165 852 2243 regnante
869 2161 955 2244 (123,
972 2161 1108 2243 4-133,
1125 2161 1158 2243 2)
1175 2161 1333 2224 celebrem
1352 2183 1455 2244 usque

306 2273 345 2335 ad
368 2271 549 2354 Euergetae
578 2271 745 2354 irrrperiurn
773 2271 871 2334 vitam
900 2271 1100 2353 produxisse,
1131 2270 1191 2334 hoc
1220 2276 1267 2334 est
1298 2281 1381 2334 ante
1414 2274 1454 2334 ol.

312 2384 384 2464 139,
409 2383 427 2446 3
452 2388 609 2446 mortuum
637 2404 715 2444 esse.
762 2381 845 2445 Nam
875 2381 956 2464 quod
980 2381 1182 2444 Weiehertus
1211 2381 1249 2444 de
1272 2381 1456 2463 Apollonio

307 2493 409 2556 Rhod.
440 2516 470 2575 ρ.
495 2495 536 2556 12
565 2496 695 2574 propter
722 2495 887 2572 παρέτεινε
912 2493 1042 2555 verbum
1069 2492 1180 2574 primis
1207 2491 1292 2554 illius
1321 2491 1454 2575 imperii

308 2604 402 2666 armis
425 2625 496 2664 eum
519 2602 633 2664 obiisse
659 2603 839 2684 contendit,
866 2603 1037 2684 speciosius
1061 2624 1155 2685 quam
1178 2600 1281 2664 verius
1306 2601 1455 2685 disputa-

308 2718 374 2774 tum
403 2716 460 2774 est.
506 2711 634 2774 Nullam
664 2713 749 2774 enim
778 2713 807 2774 id
839 2714 899 2775 rim
928 2713 1040 2791 habet,
1071 2712 1132 2774 nisi
1163 2714 1197 2774 ut
1220 2711 1333 2794 finem,
1368 2715 1455 2776 ultra

308 2845 401 2906 quem
421 2844 486 2885 non
502 2822 629 2885 extendi
653 2823 768 2886 debeat
783 2823 865 2906 vita,
890 2823 1074 2886 constituat.
1115 2821 1210 2885 Gellii
1227 2827 1334 2885 autem
1352 2826 1453 2886 verba

308 2956 344 2995 eo
378 2933 552 3014 inclinant,
590 2937 623 2995 ut
652 2933 709 2995 sub
737 2935 833 2995 finem
867 2933 971 3014 potius
1000 2955 1095 3015 quam
1122 2932 1215 2995 initio
1243 2931 1455 3016 Philadelphi

308 3044 433 3126 imperii
457 3044 669 3108 Callimachus
692 3044 834 3105 floruisse
858 3042 1011 3104 videatur.

392 3155 422 3215 2.
462 3155 552 3217 Arati
582 3156 647 3217 vita
672 3154 702 3215 ll
733 3177 762 3234 p.
787 3152 850 3215 432
879 3153 926 3214 ed.
957 3151 1066 3214 Burri:
1104 3155 1255 3231 μέμνηται
1282 3155 1318 3216 δὲ
1346 3155 1457 3219 αὐτου

309 3266 470 3347 (Ἀράτου)
495 3267 690 3344 Καλλίμαχοι
719 3265 763 3328 ὼ(
791 3263 1007 3342 πρεεβυτέρου
1036 3263 1075 3326 οὐ
1103 3263 1206 3340 μόνον
1228 3263 1265 3326 έν
1291 3267 1362 3326 τοί(
1390 3268 1458 3328 έπι-

308 3377 498 3455 γράμματιν,
528 3377 608 3438 ἀλλὰ
636 3378 684 3438 καὶ
714 3375 748 3438 έν
776 3377 843 3437 rou
872 3374 953 3451 πρὸ(
981 3373 1200 3451 Πραξιφάνην.
1245 3371 1332 3434 1111
1357 3396 1394 3455 p.
1421 3379 1458 3438 4:

308 3493 428 3568 γηραιῷ
462 3493 507 3568 τῷ
541 3486 707 3568 Κυρηναίῳ
738 3485 770 3567 (ὁ
801 3483 948 3566 Ἄρατατλ
978 3482 1186 3561 ἐπεβάλλετο,
1221 3484 1296 3560 παρ’
1324 3482 1367 3546 οὗ
1408 3490 1458 3548 καὶ

308 3597 542 3674 ἐπιγράμματα(
565 3597 688 3673 ἠξιώθη.
734 3594 760 3656 Ε
785 3594 896 3676 quibus
926 3615 996 3656 eum
1019 3614 1056 3654 ea
1079 3595 1206 3655 tantum
1234 3613 1315 3674 quae
1342 3610 1455 3673 poste-

310 3706 391 3767 riore
419 3705 488 3768 loeo
518 3705 607 3788 posui
637 3704 904 3767 animadverteret
935 3701 1126 3766 Ritschelius
1150 3725 1181 3784 p.
1206 3701 1257 3780 88,
1289 3700 1458 3768 immerito

310 3815 539 3878 Callimachum
557 3817 657 3876 Arato
680 3821 758 3876 natu
779 3815 933 3877 minorem
956 3812 1053 3875 fuisse
1070 3812 1209 3895 collegit.
1247 3810 1344 3873 Recte
1364 3816 1453 3876 enim

312 3925 535 4008 llernhardpus
554 3926 671 3988 Annal.
694 3923 795 3987 llerol.
811 3948 840 4005 p.
857 3925 918 3987 11311
931 3923 1124 3985 concedente
1141 3920 1317 3984 llitsehelio
1329 3925 1452 3986 Coroll.

310 4059 340 4118 p.
365 4038 516 4116 30111111,
547 4036 598 4119 qui
629 4034 712 4097 hanc
741 4035 840 4096 vitam
869 4033 1013 4115 scripsit,
1043 4053 1165 4094 errasse
1189 4030 1307 4113 (miuus
1333 4033 1453 4112 prolui-

311 4146 417 4208 biliter
445 4147 529 4208 euim
558 4168 662 4208 errore
691 4145 730 4206 ad
759 4144 923 4206 librarium
953 4146 1100 4206 revocato
1128 4142 1258 4220 γηραιός
1284 4139 1453 4204 substituit

311 4256 407 4319 (trau.
433 4257 517 4318 Fast.
537 4256 621 4319 llell.
640 4256 686 4318 111
703 4279 733 4337 p.
753 4257 796 4335 11,
822 4259 852 4316 et
874 4276 911 4316 ex
934 4253 1063 4316 alterius
1085 4250 1263 4314 testimonii
1286 4249 1344 4312 fide
1370 4266 1451 4314 natu

312 4366 465 4428 minorem
496 4368 599 4448 potius
628 4365 725 4428 fuisse
755 4364 985 4428 Callimachum
1015 4361 1189 4426 contendit.
1245 4359 1347 4433 Quare
1379 4384 1452 4424 eum
