<?xml version="1.0" encoding="UTF-8"?>
<!DOCTYPE html PUBLIC "-//W3C//DTD XHTML 1.0 Transitional//EN"
    "http://www.w3.org/TR/xhtml1/DTD/xhtml1-transitional.dtd">
<html xmlns="http://www.w3.org/1999/xhtml" xml:lang="en" lang="en">
 <head>
  <title>
</title>
<meta http-equiv="Content-Type" content="text/html;charset=utf-8" />
  <meta name='ocr-system' content='tesseract 3.04.00' />
  <meta name='ocr-capabilities' content='ocr_page ocr_carea ocr_par ocr_line ocrx_word'/>
</head>
<body>
  <div class='ocr_page' id='page_1' title='image "./fridericiritsch04ritsgoog_0667.png"; bbox 0 0 2976 5140; ppageno 0'>
   <div class='ocr_carea' id='block_1_1' title="bbox 296 336 1052 402">
    <p class='ocr_par' dir='ltr' id='par_1_1' title="bbox 296 336 1052 402">
     <span class='ocr_line' id='line_1_1' title="bbox 296 336 1052 402; baseline 0.003 -4"><span class='ocrx_word' id='word_1_1' title='bbox 296 336 358 399; x_wconf 83' lang='lat'>638</span> <span class='ocrx_word' id='word_1_2' title='bbox 679 354 726 399; x_wconf 81' lang='lat' dir='ltr'>nu</span> <span class='ocrx_word' id='word_1_3' title='bbox 750 353 819 401; x_wconf 80' lang='lat' dir='ltr'>oso</span> <span class='ocrx_word' id='word_1_4' title='bbox 843 354 888 400; x_wconf 79' lang='lat' dir='ltr'>nr</span> <span class='ocrx_word' id='word_1_5' title='bbox 911 354 1052 402; x_wconf 81' lang='lat' dir='ltr'>osrour.</span> 
     </span>
    </p>
   </div>
   <div class='ocr_carea' id='block_1_2' title="bbox 243 503 1471 4442">
    <p class='ocr_par' dir='ltr' id='par_1_2' title="bbox 243 503 1471 4442">
     <span class='ocr_line' id='line_1_2' title="bbox 296 503 1401 589; baseline 0.002 -24"><span class='ocrx_word' id='word_1_6' title='bbox 296 503 330 566; x_wconf 89' lang='lat' dir='ltr'>in</span> <span class='ocrx_word' id='word_1_7' title='bbox 359 503 558 586; x_wconf 78' lang='lat' dir='ltr'>Stephanum</span> <span class='ocrx_word' id='word_1_8' title='bbox 586 504 764 567; x_wconf 88' lang='lat' dir='ltr'>redundare</span> <span class='ocrx_word' id='word_1_9' title='bbox 792 527 830 568; x_wconf 84' lang='lat' dir='ltr'>ex</span> <span class='ocrx_word' id='word_1_10' title='bbox 860 507 924 570; x_wconf 89' lang='lat' dir='ltr'>Oro</span> <span class='ocrx_word' id='word_1_11' title='bbox 952 506 1072 588; x_wconf 83' lang='lat' dir='ltr'>potuit,</span> <span class='ocrx_word' id='word_1_12' title='bbox 1102 505 1278 570; x_wconf 83' lang='lat' dir='ltr'>Herodiani</span> <span class='ocrx_word' id='word_1_13' title='bbox 1297 506 1354 589; x_wconf 89' lang='lat' dir='ltr'>illo,</span> <span class='ocrx_word' id='word_1_14' title='bbox 1375 511 1401 568; x_wconf 83' lang='lat' dir='ltr'>ut</span> 
     </span>
     <span class='ocr_line' id='line_1_3' title="bbox 295 612 1402 696; baseline 0.001 -20"><span class='ocrx_word' id='word_1_15' title='bbox 295 613 422 677; x_wconf 81' lang='lat' dir='ltr'>abunde</span> <span class='ocrx_word' id='word_1_16' title='bbox 455 612 606 696; x_wconf 85' lang='lat' dir='ltr'>vidimus,</span> <span class='ocrx_word' id='word_1_17' title='bbox 645 615 801 680; x_wconf 86' lang='lat' dir='ltr'>acerrimo</span> <span class='ocrx_word' id='word_1_18' title='bbox 833 615 1025 679; x_wconf 80' lang='lat' dir='ltr'>adversario.</span> <span class='ocrx_word' id='word_1_19' title='bbox 1080 615 1159 679; x_wconf 83' lang='lat' dir='ltr'>Eius</span> <span class='ocrx_word' id='word_1_20' title='bbox 1194 617 1242 680; x_wconf 90' lang='lat' dir='ltr'>rei</span> <span class='ocrx_word' id='word_1_21' title='bbox 1276 615 1402 680; x_wconf 75' lang='lat' dir='ltr'>luculento</span> 
     </span>
     <span class='ocr_line' id='line_1_4' title="bbox 295 723 1401 809; baseline 0 -23"><span class='ocrx_word' id='word_1_22' title='bbox 295 723 486 788; x_wconf 80' lang='lat' dir='ltr'>documento</span> <span class='ocrx_word' id='word_1_23' title='bbox 515 725 601 787; x_wconf 91' lang='lat' dir='ltr'>velut</span> <span class='ocrx_word' id='word_1_24' title='bbox 633 724 695 788; x_wconf 82' lang='lat' dir='ltr'>hoc</span> <span class='ocrx_word' id='word_1_25' title='bbox 723 729 786 808; x_wconf 88' lang='lat' dir='ltr'>est,</span> <span class='ocrx_word' id='word_1_26' title='bbox 821 726 904 809; x_wconf 88' lang='lat' dir='ltr'>quod</span> <span class='ocrx_word' id='word_1_27' title='bbox 931 726 966 788; x_wconf 94' lang='lat' dir='ltr'>in</span> <span class='ocrx_word' id='word_1_28' title='bbox 988 724 1163 806; x_wconf 80' lang='grc' dir='ltr'>Ἀγκυρα</span> <span class='ocrx_word' id='word_1_29' title='bbox 1189 748 1280 808; x_wconf 82' lang='lat' dir='ltr'>roae,</span> <span class='ocrx_word' id='word_1_30' title='bbox 1310 732 1401 808; x_wconf 82' lang='lat' dir='ltr'>postea-</span> 
     </span>
     <span class='ocr_line' id='line_1_5' title="bbox 295 834 1402 918; baseline -0.001 -22"><span class='ocrx_word' id='word_1_31' title='bbox 295 855 390 916; x_wconf 84' lang='lat' dir='ltr'><strong>quam</strong></span> <span class='ocrx_word' id='word_1_32' title='bbox 418 834 457 897; x_wconf 93' lang='lat' dir='ltr'>de</span> <span class='ocrx_word' id='word_1_33' title='bbox 485 834 661 918; x_wconf 85' lang='lat' dir='ltr'>gentilibus</span> <span class='ocrx_word' id='word_1_34' title='bbox 689 836 724 897; x_wconf 91' lang='lat' dir='ltr'>in</span> <span class='ocrx_word' id='word_1_35' title='bbox 751 857 811 900; x_wconf 83' lang='lat' dir='ltr'>voc</span> <span class='ocrx_word' id='word_1_36' title='bbox 837 835 1019 899; x_wconf 85' lang='lat' dir='ltr'>terminatis</span> <span class='ocrx_word' id='word_1_37' title='bbox 1053 835 1233 918; x_wconf 88' lang='lat' dir='ltr'>expositum</span> <span class='ocrx_word' id='word_1_38' title='bbox 1265 837 1308 898; x_wconf 85' lang='lat' dir='ltr'>est</span> <span class='ocrx_word' id='word_1_39' title='bbox 1330 835 1402 897; x_wconf 78' lang='grc' dir='ltr'>Ηειυ</span> 
     </span>
     <span class='ocr_line' id='line_1_6' title="bbox 295 943 1402 1029; baseline 0 -24"><span class='ocrx_word' id='word_1_40' title='bbox 295 943 383 1006; x_wconf 89' lang='lat' dir='ltr'>diani</span> <span class='ocrx_word' id='word_1_41' title='bbox 411 945 618 1026; x_wconf 78' lang='lat' dir='ltr'>auctoritate,</span> <span class='ocrx_word' id='word_1_42' title='bbox 648 944 833 1028; x_wconf 82' lang='lat' dir='ltr'>discrepans</span> <span class='ocrx_word' id='word_1_43' title='bbox 857 945 914 1008; x_wconf 87' lang='lat' dir='ltr'>Ori</span> <span class='ocrx_word' id='word_1_44' title='bbox 941 945 1102 1008; x_wconf 81' lang='lat' dir='ltr'>sententia</span> <span class='ocrx_word' id='word_1_45' title='bbox 1131 945 1335 1029; x_wconf 82' lang='lat' dir='ltr'>subiungitur.</span> <span class='ocrx_word' id='word_1_46' title='bbox 1370 946 1402 1006; x_wconf 77' lang='lat' dir='ltr'>Ae</span> 
     </span>
     <span class='ocr_line' id='line_1_7' title="bbox 295 1053 1403 1138; baseline -0.003 -22"><span class='ocrx_word' id='word_1_47' title='bbox 295 1053 333 1116; x_wconf 94' lang='lat' dir='ltr'>de</span> <span class='ocrx_word' id='word_1_48' title='bbox 356 1053 567 1118; x_wconf 88' lang='lat' dir='ltr'>Herodianeis</span> <span class='ocrx_word' id='word_1_49' title='bbox 590 1054 783 1118; x_wconf 82' lang='lat' dir='ltr'>Valentinus</span> <span class='ocrx_word' id='word_1_50' title='bbox 806 1055 983 1119; x_wconf 82' lang='lat' dir='ltr'>Franokius</span> <span class='ocrx_word' id='word_1_51' title='bbox 1010 1076 1113 1138; x_wconf 86' lang='lat' dir='ltr'>nuper</span> <span class='ocrx_word' id='word_1_52' title='bbox 1136 1057 1354 1119; x_wconf 79' lang='lat' dir='ltr'>commentatus</span> <span class='ocrx_word' id='word_1_53' title='bbox 1370 1067 1403 1115; x_wconf 83' lang='lat' dir='ltr'>est</span> 
     </span>
     <span class='ocr_line' id='line_1_8' title="bbox 296 1162 1403 1248; baseline -0.001 -23"><span class='ocrx_word' id='word_1_54' title='bbox 296 1162 331 1225; x_wconf 90' lang='lat' dir='ltr'>in</span> <span class='ocrx_word' id='word_1_55' title='bbox 353 1163 582 1247; x_wconf 81' lang='lat' dir='ltr'>inscriptiones</span> <span class='ocrx_word' id='word_1_56' title='bbox 606 1187 625 1226; x_wconf 86' lang='grc' dir='ltr'>υ</span> <span class='ocrx_word' id='word_1_57' title='bbox 640 1164 793 1228; x_wconf 85' lang='lat' dir='ltr'>Richtero</span> <span class='ocrx_word' id='word_1_58' title='bbox 816 1166 967 1229; x_wconf 77' lang='lat' dir='ltr'>collectas</span> <span class='ocrx_word' id='word_1_59' title='bbox 989 1188 1021 1248; x_wconf 93' lang='lat' dir='ltr'>p.</span> <span class='ocrx_word' id='word_1_60' title='bbox 1038 1167 1116 1230; x_wconf 85' lang='lat'><strong>439:</strong></span> <span class='ocrx_word' id='word_1_61' title='bbox 1139 1165 1314 1230; x_wconf 77' lang='lat' dir='ltr'>Orientem</span> <span class='ocrx_word' id='word_1_62' title='bbox 1333 1164 1403 1226; x_wconf 80' lang='lat' dir='ltr'>verta</span> 
     </span>
     <span class='ocr_line' id='line_1_9' title="bbox 295 1273 1404 1360; baseline 0.003 -26"><span class='ocrx_word' id='word_1_63' title='bbox 295 1273 432 1355; x_wconf 88' lang='lat' dir='ltr'>turpiter</span> <span class='ocrx_word' id='word_1_64' title='bbox 454 1277 487 1336; x_wconf 87' lang='lat' dir='ltr'>et</span> <span class='ocrx_word' id='word_1_65' title='bbox 508 1273 718 1336; x_wconf 82' lang='lat' dir='ltr'>multifariam</span> <span class='ocrx_word' id='word_1_66' title='bbox 742 1277 890 1358; x_wconf 84' lang='lat' dir='ltr'>corrupta</span> <span class='ocrx_word' id='word_1_67' title='bbox 913 1276 992 1338; x_wconf 82' lang='lat' dir='ltr'>hoec</span> <span class='ocrx_word' id='word_1_68' title='bbox 1014 1275 1206 1360; x_wconf 74' lang='lat' dir='ltr'>vulgantur:</span> <span class='ocrx_word' id='word_1_69' title='bbox 1235 1277 1254 1340; x_wconf 88' lang='grc' dir='ltr'>ὁ</span> <span class='ocrx_word' id='word_1_70' title='bbox 1280 1277 1312 1339; x_wconf 80' lang='grc' dir='ltr'>δὲ</span> <span class='ocrx_word' id='word_1_71' title='bbox 1330 1273 1404 1350; x_wconf 82' lang='grc' dir='ltr'>Ὦρα(</span> 
     </span>
     <span class='ocr_line' id='line_1_10' title="bbox 295 1384 1404 1476; baseline 0.002 -30"><span class='ocrx_word' id='word_1_72' title='bbox 295 1385 334 1447; x_wconf 89' lang='grc' dir='ltr'>τὰ</span> <span class='ocrx_word' id='word_1_73' title='bbox 356 1386 414 1462; x_wconf 88' lang='grc' dir='ltr'>μέν</span> <span class='ocrx_word' id='word_1_74' title='bbox 438 1405 487 1449; x_wconf 90' lang='grc' dir='ltr'>τοι</span> <span class='ocrx_word' id='word_1_75' title='bbox 509 1385 730 1464; x_wconf 85' lang='grc' dir='ltr'>καθαρεύοντα</span> <span class='ocrx_word' id='word_1_76' title='bbox 751 1387 788 1450; x_wconf 91' lang='grc' dir='ltr'>τὸ</span> <span class='ocrx_word' id='word_1_77' title='bbox 812 1389 871 1468; x_wconf 86' lang='grc' dir='ltr'>(τῷ</span> <span class='ocrx_word' id='word_1_78' title='bbox 895 1384 1116 1469; x_wconf 82' lang='lat' dir='ltr'>Oasaubo&#39;nus)</span> <span class='ocrx_word' id='word_1_79' title='bbox 1143 1407 1162 1464; x_wconf 95' lang='grc' dir='ltr'>η</span> <span class='ocrx_word' id='word_1_80' title='bbox 1186 1387 1270 1476; x_wconf 84' lang='grc' dir='ltr'>θέλει</span> <span class='ocrx_word' id='word_1_81' title='bbox 1294 1384 1404 1463; x_wconf 75' lang='grc' dir='ltr'>παρυλή·</span> 
     </span>
     <span class='ocr_line' id='line_1_11' title="bbox 294 1495 1404 1577; baseline -0.001 -20"><span class='ocrx_word' id='word_1_82' title='bbox 294 1499 415 1576; x_wconf 83' lang='grc' dir='ltr'>νεεθαι,</span> <span class='ocrx_word' id='word_1_83' title='bbox 440 1497 538 1575; x_wconf 69' lang='grc' dir='ltr'>χωρὶς</span> <span class='ocrx_word' id='word_1_84' title='bbox 561 1495 648 1574; x_wconf 84' lang='grc' dir='ltr'>εἰμὴ</span> <span class='ocrx_word' id='word_1_85' title='bbox 672 1501 718 1577; x_wconf 87' lang='grc' dir='ltr'>τῷ</span> <span class='ocrx_word' id='word_1_86' title='bbox 742 1517 759 1574; x_wconf 96' lang='grc' dir='ltr'>ρ</span> <span class='ocrx_word' id='word_1_87' title='bbox 782 1496 1043 1575; x_wconf 86' lang='grc' dir='ltr'>παρεδρευόμενα</span> <span class='ocrx_word' id='word_1_88' title='bbox 1064 1499 1275 1575; x_wconf 85' lang='grc' dir='ltr'>διαφοροῐτο,</span> <span class='ocrx_word' id='word_1_89' title='bbox 1295 1495 1404 1570; x_wconf 79' lang='grc' dir='ltr'>καθάπερ</span> 
     </span>
     <span class='ocr_line' id='line_1_12' title="bbox 295 1583 1404 1686; baseline 0.002 -20"><span class='ocrx_word' id='word_1_90' title='bbox 295 1604 346 1666; x_wconf 83' lang='grc' dir='ltr'>ἐπὶ</span> <span class='ocrx_word' id='word_1_91' title='bbox 368 1608 427 1668; x_wconf 83' lang='grc' dir='ltr'>τοῦ</span> <span class='ocrx_word' id='word_1_92' title='bbox 456 1607 664 1685; x_wconf 80' lang='grc' dir='ltr'>Ἀγκυρανὸε,</span> <span class='ocrx_word' id='word_1_93' title='bbox 692 1607 742 1669; x_wconf 88' lang='grc' dir='ltr'>καὶ</span> <span class='ocrx_word' id='word_1_94' title='bbox 765 1583 995 1685; x_wconf 81' lang='grc' dir='ltr'>Θυατειρηνόε,</span> <span class='ocrx_word' id='word_1_95' title='bbox 1025 1607 1201 1686; x_wconf 81' lang='grc' dir='ltr'>Γερμανόε,</span> <span class='ocrx_word' id='word_1_96' title='bbox 1229 1607 1279 1670; x_wconf 86' lang='grc' dir='ltr'>καὶ</span> <span class='ocrx_word' id='word_1_97' title='bbox 1300 1607 1404 1682; x_wconf 77' lang='grc' dir='ltr'>Γαγῐρη-</span> 
     </span>
     <span class='ocr_line' id='line_1_13' title="bbox 294 1713 1404 1800; baseline -0.002 -22"><span class='ocrx_word' id='word_1_98' title='bbox 294 1714 361 1778; x_wconf 81' lang='grc' dir='ltr'>νάε.</span> <span class='ocrx_word' id='word_1_99' title='bbox 407 1713 455 1780; x_wconf 83' lang='grc' dir='ltr'>ὧν</span> <span class='ocrx_word' id='word_1_100' title='bbox 483 1717 522 1779; x_wconf 90' lang='grc' dir='ltr'>τὰ</span> <span class='ocrx_word' id='word_1_101' title='bbox 550 1717 606 1794; x_wconf 82' lang='grc' dir='ltr'>μὲν</span> <span class='ocrx_word' id='word_1_102' title='bbox 635 1717 721 1793; x_wconf 89' lang='grc' dir='ltr'>παρὰ</span> <span class='ocrx_word' id='word_1_103' title='bbox 748 1718 808 1795; x_wconf 88' lang='grc' dir='ltr'>τὴν</span> <span class='ocrx_word' id='word_1_104' title='bbox 835 1717 993 1795; x_wconf 86' lang='grc' dir='ltr'>Ἄγκυραν</span> <span class='ocrx_word' id='word_1_105' title='bbox 1020 1717 1230 1796; x_wconf 82' lang='grc' dir='ltr'>ευνεξέδραμε</span> <span class='ocrx_word' id='word_1_106' title='bbox 1256 1723 1300 1800; x_wconf 80' lang='grc' dir='ltr'>τῷ</span> <span class='ocrx_word' id='word_1_107' title='bbox 1324 1715 1404 1792; x_wconf 84' lang='grc' dir='ltr'>(αρυ-</span> 
     </span>
     <span class='ocr_line' id='line_1_14' title="bbox 294 1825 1405 1905; baseline -0.003 -18"><span class='ocrx_word' id='word_1_108' title='bbox 294 1825 368 1900; x_wconf 79' lang='grc' dir='ltr'>νόε,</span> <span class='ocrx_word' id='word_1_109' title='bbox 393 1826 590 1904; x_wconf 81' lang='grc' dir='ltr'>Βοετρανὸε,</span> <span class='ocrx_word' id='word_1_110' title='bbox 619 1827 657 1889; x_wconf 91' lang='grc' dir='ltr'>τά</span> <span class='ocrx_word' id='word_1_111' title='bbox 685 1828 720 1890; x_wconf 82' lang='grc' dir='ltr'>δὲ</span> <span class='ocrx_word' id='word_1_112' title='bbox 743 1825 808 1890; x_wconf 88' lang='grc' dir='ltr'>άπὸ</span> <span class='ocrx_word' id='word_1_113' title='bbox 830 1829 889 1890; x_wconf 85' lang='grc' dir='ltr'>τοῦ</span> <span class='ocrx_word' id='word_1_114' title='bbox 912 1826 1070 1905; x_wconf 84' lang='grc' dir='ltr'>Θυάτειρα</span> <span class='ocrx_word' id='word_1_115' title='bbox 1092 1827 1203 1890; x_wconf 88' lang='grc' dir='ltr'>καὶτὰ</span> <span class='ocrx_word' id='word_1_116' title='bbox 1227 1827 1342 1904; x_wconf 63' lang='lat' dir='ltr'>[impu</span> <span class='ocrx_word' id='word_1_117' title='bbox 1363 1843 1405 1884; x_wconf 81' lang='grc' dir='ltr'>τιο-</span> 
     </span>
     <span class='ocr_line' id='line_1_15' title="bbox 295 1933 1406 2017; baseline -0.004 -19"><span class='ocrx_word' id='word_1_118' title='bbox 295 1939 414 2013; x_wconf 86' lang='grc' dir='ltr'>ρῆκται.</span> <span class='ocrx_word' id='word_1_119' title='bbox 470 1935 523 1997; x_wconf 88' lang='lat' dir='ltr'>Ab</span> <span class='ocrx_word' id='word_1_120' title='bbox 555 1935 648 1997; x_wconf 90' lang='lat' dir='ltr'>initio</span> <span class='ocrx_word' id='word_1_121' title='bbox 681 1936 781 2014; x_wconf 81' lang='grc' dir='ltr'>Ὠροε</span> <span class='ocrx_word' id='word_1_122' title='bbox 804 1987 810 1998; x_wconf 97' lang='grc'>.</span> <span class='ocrx_word' id='word_1_123' title='bbox 834 1986 840 1999; x_wconf 93' lang='grc'>.</span> <span class='ocrx_word' id='word_1_124' title='bbox 864 1986 900 2000; x_wconf 91' lang='grc'>..</span> <span class='ocrx_word' id='word_1_125' title='bbox 932 1939 972 2001; x_wconf 86' lang='grc' dir='ltr'>τὰ</span> <span class='ocrx_word' id='word_1_126' title='bbox 1003 1935 1193 2017; x_wconf 87' lang='lat' dir='ltr'>Perusinus,</span> <span class='ocrx_word' id='word_1_127' title='bbox 1228 1936 1321 2016; x_wconf 81' lang='grc' dir='ltr'>Ὠρο(</span> <span class='ocrx_word' id='word_1_128' title='bbox 1347 1933 1406 1997; x_wconf 77' lang='grc' dir='ltr'>αὐτὰ</span> 
     </span>
     <span class='ocr_line' id='line_1_16' title="bbox 264 2044 1406 2128; baseline -0.001 -23"><span class='ocrx_word' id='word_1_129' title='bbox 264 2079 268 2086; x_wconf 86' lang='grc'><em>·</em></span> <span class='ocrx_word' id='word_1_130' title='bbox 295 2049 421 2106; x_wconf 88' lang='lat' dir='ltr'>nostras</span> <span class='ocrx_word' id='word_1_131' title='bbox 449 2044 711 2128; x_wconf 81' lang='lat' dir='ltr'>ltehdigersnus:</span> <span class='ocrx_word' id='word_1_132' title='bbox 744 2046 829 2109; x_wconf 88' lang='lat' dir='ltr'>unde</span> <span class='ocrx_word' id='word_1_133' title='bbox 857 2046 1060 2109; x_wconf 76' lang='lat' dir='ltr'>scribendum</span> <span class='ocrx_word' id='word_1_134' title='bbox 1092 2047 1111 2112; x_wconf 88' lang='grc' dir='ltr'>ὁ</span> <span class='ocrx_word' id='word_1_135' title='bbox 1140 2049 1175 2112; x_wconf 83' lang='grc' dir='ltr'>δὲ</span> <span class='ocrx_word' id='word_1_136' title='bbox 1203 2045 1300 2125; x_wconf 86' lang='grc' dir='ltr'>Ὥροε</span> <span class='ocrx_word' id='word_1_137' title='bbox 1324 2045 1406 2108; x_wconf 78' lang='grc' dir='ltr'>αὐτῶν</span> 
     </span>
     <span class='ocr_line' id='line_1_17' title="bbox 294 2152 1405 2238; baseline -0.004 -21"><span class='ocrx_word' id='word_1_138' title='bbox 294 2155 413 2232; x_wconf 81' lang='grc' dir='ltr'>τὰμὲν</span> <span class='ocrx_word' id='word_1_139' title='bbox 437 2176 464 2216; x_wconf 90' lang='lat' dir='ltr'>e.</span> <span class='ocrx_word' id='word_1_140' title='bbox 488 2178 519 2238; x_wconf 90' lang='lat' dir='ltr'>q.</span> <span class='ocrx_word' id='word_1_141' title='bbox 543 2178 568 2218; x_wconf 89' lang='lat' dir='ltr'>s.</span> <span class='ocrx_word' id='word_1_142' title='bbox 614 2155 676 2219; x_wconf 81' lang='lat' dir='ltr'>Sed</span> <span class='ocrx_word' id='word_1_143' title='bbox 699 2154 758 2218; x_wconf 89' lang='lat' dir='ltr'>hoe</span> <span class='ocrx_word' id='word_1_144' title='bbox 787 2156 855 2219; x_wconf 88' lang='lat' dir='ltr'>leve</span> <span class='ocrx_word' id='word_1_145' title='bbox 884 2160 942 2219; x_wconf 89' lang='lat' dir='ltr'>est.</span> <span class='ocrx_word' id='word_1_146' title='bbox 987 2156 1049 2219; x_wconf 91' lang='lat' dir='ltr'>Pro</span> <span class='ocrx_word' id='word_1_147' title='bbox 1076 2161 1135 2221; x_wconf 85' lang='grc' dir='ltr'>τοῦ</span> <span class='ocrx_word' id='word_1_148' title='bbox 1158 2157 1312 2236; x_wconf 87' lang='grc' dir='ltr'>Θυάτειρα</span> <span class='ocrx_word' id='word_1_149' title='bbox 1335 2152 1405 2216; x_wconf 81' lang='lat' dir='ltr'>Peru·</span> 
     </span>
     <span class='ocr_line' id='line_1_18' title="bbox 294 2263 1405 2353; baseline 0 -27"><span class='ocrx_word' id='word_1_150' title='bbox 294 2263 382 2326; x_wconf 87' lang='lat' dir='ltr'>sinus</span> <span class='ocrx_word' id='word_1_151' title='bbox 410 2267 529 2330; x_wconf 90' lang='grc' dir='ltr'>τούτου</span> <span class='ocrx_word' id='word_1_152' title='bbox 556 2268 596 2330; x_wconf 91' lang='grc' dir='ltr'>τά</span> <span class='ocrx_word' id='word_1_153' title='bbox 619 2267 670 2343; x_wconf 85' lang='grc' dir='ltr'>Θ,</span> <span class='ocrx_word' id='word_1_154' title='bbox 700 2288 835 2348; x_wconf 82' lang='lat' dir='ltr'>quocum</span> <span class='ocrx_word' id='word_1_155' title='bbox 865 2267 1014 2353; x_wconf 75' lang='lat' dir='ltr'>convenit</span> <span class='ocrx_word' id='word_1_156' title='bbox 1040 2265 1284 2351; x_wconf 83' lang='lat' dir='ltr'>Rehdigerano,</span> <span class='ocrx_word' id='word_1_157' title='bbox 1311 2265 1340 2327; x_wconf 91' lang='lat' dir='ltr'>in</span> <span class='ocrx_word' id='word_1_158' title='bbox 1362 2282 1405 2344; x_wconf 80' lang='grc' dir='ltr'>ιριιι</span> 
     </span>
     <span class='ocr_line' id='line_1_19' title="bbox 293 2375 1405 2457; baseline 0.002 -21"><span class='ocrx_word' id='word_1_159' title='bbox 293 2375 409 2438; x_wconf 84' lang='lat' dir='ltr'>lacuna</span> <span class='ocrx_word' id='word_1_160' title='bbox 437 2379 486 2439; x_wconf 87' lang='lat' dir='ltr'>est</span> <span class='ocrx_word' id='word_1_161' title='bbox 514 2377 598 2438; x_wconf 89' lang='lat' dir='ltr'>inter</span> <span class='ocrx_word' id='word_1_162' title='bbox 627 2376 785 2456; x_wconf 87' lang='grc' dir='ltr'>Θυάτειρα</span> <span class='ocrx_word' id='word_1_163' title='bbox 815 2380 847 2439; x_wconf 90' lang='lat' dir='ltr'>et</span> <span class='ocrx_word' id='word_1_164' title='bbox 874 2378 923 2442; x_wconf 89' lang='grc' dir='ltr'>καὶ</span> <span class='ocrx_word' id='word_1_165' title='bbox 951 2399 1053 2440; x_wconf 82' lang='lat' dir='ltr'>voees,</span> <span class='ocrx_word' id='word_1_166' title='bbox 1103 2376 1272 2440; x_wconf 83' lang='lat' dir='ltr'>Excidisse</span> <span class='ocrx_word' id='word_1_167' title='bbox 1302 2375 1405 2457; x_wconf 72' lang='lat' dir='ltr'>apparet</span> 
     </span>
     <span class='ocr_line' id='line_1_20' title="bbox 293 2486 1471 2570; baseline -0.002 -20"><span class='ocrx_word' id='word_1_168' title='bbox 293 2488 360 2552; x_wconf 83' lang='lat' dir='ltr'>elus</span> <span class='ocrx_word' id='word_1_169' title='bbox 382 2487 520 2550; x_wconf 85' lang='lat' dir='ltr'>nominis</span> <span class='ocrx_word' id='word_1_170' title='bbox 551 2486 763 2569; x_wconf 87' lang='lat' dir='ltr'>primitivum,</span> <span class='ocrx_word' id='word_1_171' title='bbox 794 2487 876 2569; x_wconf 88' lang='lat' dir='ltr'>quod</span> <span class='ocrx_word' id='word_1_172' title='bbox 904 2509 1000 2570; x_wconf 82' lang='lat' dir='ltr'>supra</span> <span class='ocrx_word' id='word_1_173' title='bbox 1028 2487 1238 2570; x_wconf 84' lang='lat' dir='ltr'>depravatum</span> <span class='ocrx_word' id='word_1_174' title='bbox 1266 2487 1298 2549; x_wconf 89' lang='lat' dir='ltr'>in</span> <span class='ocrx_word' id='word_1_175' title='bbox 1320 2487 1404 2561; x_wconf 80' lang='grc' dir='ltr'>Γερμυ-</span> <span class='ocrx_word' id='word_1_176' title='bbox 1470 2497 1471 2527; x_wconf 62' lang='lat'>¹</span> 
     </span>
     <span class='ocr_line' id='line_1_21' title="bbox 294 2596 1405 2678; baseline -0.008 -15"><span class='ocrx_word' id='word_1_177' title='bbox 294 2599 351 2663; x_wconf 83' lang='grc' dir='ltr'>νά(</span> <span class='ocrx_word' id='word_1_178' title='bbox 374 2602 432 2660; x_wconf 87' lang='lat' dir='ltr'>est.</span> <span class='ocrx_word' id='word_1_179' title='bbox 477 2597 625 2660; x_wconf 83' lang='lat' dir='ltr'>Proxime</span> <span class='ocrx_word' id='word_1_180' title='bbox 648 2598 689 2659; x_wconf 90' lang='lat' dir='ltr'>ab</span> <span class='ocrx_word' id='word_1_181' title='bbox 712 2596 892 2659; x_wconf 84' lang='lat' dir='ltr'>litterarum</span> <span class='ocrx_word' id='word_1_182' title='bbox 914 2597 1026 2660; x_wconf 86' lang='lat' dir='ltr'>formis</span> <span class='ocrx_word' id='word_1_183' title='bbox 1048 2598 1140 2661; x_wconf 86' lang='lat' dir='ltr'>abest</span> <span class='ocrx_word' id='word_1_184' title='bbox 1161 2598 1241 2660; x_wconf 84' lang='lat' dir='ltr'>haee</span> <span class='ocrx_word' id='word_1_185' title='bbox 1264 2596 1405 2678; x_wconf 79' lang='lat' dir='ltr'>scriptura:</span> 
     </span>
     <span class='ocr_line' id='line_1_22' title="bbox 293 2703 1404 2788; baseline 0 -16"><span class='ocrx_word' id='word_1_186' title='bbox 293 2709 358 2772; x_wconf 84' lang='grc' dir='ltr'>ἀπὸ</span> <span class='ocrx_word' id='word_1_187' title='bbox 381 2713 439 2772; x_wconf 89' lang='grc' dir='ltr'>τοῡ</span> <span class='ocrx_word' id='word_1_188' title='bbox 462 2709 500 2772; x_wconf 91' lang='grc' dir='ltr'>τά</span> <span class='ocrx_word' id='word_1_189' title='bbox 523 2709 681 2787; x_wconf 89' lang='grc' dir='ltr'>Θυάτειρα</span> <span class='ocrx_word' id='word_1_190' title='bbox 703 2709 814 2771; x_wconf 81' lang='grc' dir='ltr'>καὶτὰ</span> <span class='ocrx_word' id='word_1_191' title='bbox 837 2709 980 2788; x_wconf 86' lang='grc' dir='ltr'>Γέρμαρα</span> <span class='ocrx_word' id='word_1_192' title='bbox 1007 2709 1057 2772; x_wconf 90' lang='grc' dir='ltr'>καὶ</span> <span class='ocrx_word' id='word_1_193' title='bbox 1083 2709 1123 2773; x_wconf 90' lang='grc' dir='ltr'>τά</span> <span class='ocrx_word' id='word_1_194' title='bbox 1146 2709 1279 2787; x_wconf 70' lang='grc' dir='ltr'>Γάγρρα</span> <span class='ocrx_word' id='word_1_195' title='bbox 1318 2703 1404 2778; x_wconf 80' lang='lat' dir='ltr'>Quan-</span> 
     </span>
     <span class='ocr_line' id='line_1_23' title="bbox 293 2817 1404 2901; baseline -0.001 -21"><span class='ocrx_word' id='word_1_196' title='bbox 293 2839 388 2901; x_wconf 82' lang='lat' dir='ltr'>quam</span> <span class='ocrx_word' id='word_1_197' title='bbox 411 2817 562 2900; x_wconf 84' lang='lat' dir='ltr'>quoniam</span> <span class='ocrx_word' id='word_1_198' title='bbox 589 2818 678 2880; x_wconf 90' lang='lat' dir='ltr'>nullo</span> <span class='ocrx_word' id='word_1_199' title='bbox 704 2817 889 2881; x_wconf 86' lang='lat' dir='ltr'>testimonio</span> <span class='ocrx_word' id='word_1_200' title='bbox 918 2820 1044 2882; x_wconf 83' lang='lat' dir='ltr'>constat</span> <span class='ocrx_word' id='word_1_201' title='bbox 1072 2818 1111 2880; x_wconf 91' lang='lat' dir='ltr'>de</span> <span class='ocrx_word' id='word_1_202' title='bbox 1135 2819 1329 2899; x_wconf 85' lang='grc' dir='ltr'>Γερμαρηνόε</span> <span class='ocrx_word' id='word_1_203' title='bbox 1349 2833 1404 2896; x_wconf 74' lang='lat' dir='ltr'>gen·</span> 
     </span>
     <span class='ocr_line' id='line_1_24' title="bbox 293 2928 1403 3010; baseline -0.002 -20"><span class='ocrx_word' id='word_1_204' title='bbox 293 2928 358 3010; x_wconf 83' lang='lat' dir='ltr'>tili,</span> <span class='ocrx_word' id='word_1_205' title='bbox 383 2951 448 2991; x_wconf 93' lang='lat' dir='ltr'>non</span> <span class='ocrx_word' id='word_1_206' title='bbox 471 2929 580 3010; x_wconf 87' lang='lat' dir='ltr'>inepte</span> <span class='ocrx_word' id='word_1_207' title='bbox 608 2928 745 2991; x_wconf 81' lang='lat' dir='ltr'>forsitan</span> <span class='ocrx_word' id='word_1_208' title='bbox 773 2950 924 2991; x_wconf 85' lang='lat' dir='ltr'>conemur</span> <span class='ocrx_word' id='word_1_209' title='bbox 950 2930 1002 2993; x_wconf 86' lang='grc' dir='ltr'>καὶ</span> <span class='ocrx_word' id='word_1_210' title='bbox 1028 2929 1068 2994; x_wconf 88' lang='grc' dir='ltr'>τὰ</span> <span class='ocrx_word' id='word_1_211' title='bbox 1092 2928 1232 3008; x_wconf 83' lang='grc' dir='ltr'>Γάδαρα,</span> <span class='ocrx_word' id='word_1_212' title='bbox 1259 2947 1346 3010; x_wconf 80' lang='lat' dir='ltr'>supra</span> <span class='ocrx_word' id='word_1_213' title='bbox 1366 2943 1403 2984; x_wconf 78' lang='lat' dir='ltr'>aa·</span> 
     </span>
     <span class='ocr_line' id='line_1_25' title="bbox 293 3037 1402 3126; baseline -0.002 -27"><span class='ocrx_word' id='word_1_214' title='bbox 293 3043 358 3100; x_wconf 88' lang='lat' dir='ltr'>tem</span> <span class='ocrx_word' id='word_1_215' title='bbox 380 3041 429 3103; x_wconf 88' lang='grc' dir='ltr'>καὶ</span> <span class='ocrx_word' id='word_1_216' title='bbox 453 3038 635 3118; x_wconf 83' lang='grc' dir='ltr'>Γαδαρηνό(</span> <span class='ocrx_word' id='word_1_217' title='bbox 658 3060 822 3120; x_wconf 89' lang='lat' dir='ltr'>reponere.</span> <span class='ocrx_word' id='word_1_218' title='bbox 856 3039 1205 3126; x_wconf 24' lang='lat' dir='ltr'>Deinde-nequaquam</span> <span class='ocrx_word' id='word_1_219' title='bbox 1227 3039 1268 3100; x_wconf 83' lang='lat' dir='ltr'>ad</span> <span class='ocrx_word' id='word_1_220' title='bbox 1289 3037 1359 3100; x_wconf 85' lang='lat' dir='ltr'>idem</span> <span class='ocrx_word' id='word_1_221' title='bbox 1377 3049 1402 3091; x_wconf 76' lang='lat' dir='ltr'>ac</span> 
     </span>
     <span class='ocr_line' id='line_1_26' title="bbox 293 3137 1402 3232; baseline -0.003 -22"><span class='ocrx_word' id='word_1_222' title='bbox 293 3149 414 3230; x_wconf 88' lang='lat' dir='ltr'>reliqua</span> <span class='ocrx_word' id='word_1_223' title='bbox 443 3171 544 3232; x_wconf 82' lang='lat' dir='ltr'>genus</span> <span class='ocrx_word' id='word_1_224' title='bbox 573 3148 714 3230; x_wconf 84' lang='lat' dir='ltr'>pertinet</span> <span class='ocrx_word' id='word_1_225' title='bbox 742 3151 936 3229; x_wconf 83' lang='grc' dir='ltr'>Ἀγκυρανό(</span> <span class='ocrx_word' id='word_1_226' title='bbox 963 3149 1082 3232; x_wconf 85' lang='lat' dir='ltr'>forma,</span> <span class='ocrx_word' id='word_1_227' title='bbox 1116 3170 1176 3212; x_wconf 86' lang='lat' dir='ltr'>neo</span> <span class='ocrx_word' id='word_1_228' title='bbox 1203 3149 1238 3211; x_wconf 89' lang='lat' dir='ltr'>in</span> <span class='ocrx_word' id='word_1_229' title='bbox 1269 3148 1339 3209; x_wconf 79' lang='lat' dir='ltr'>haec</span> <span class='ocrx_word' id='word_1_230' title='bbox 1366 3137 1402 3223; x_wconf 71' lang='lat' dir='ltr'>qui</span> 
     </span>
     <span class='ocr_line' id='line_1_27' title="bbox 243 3254 1402 3342; baseline -0.003 -21"><span class='ocrx_word' id='word_1_231' title='bbox 243 3268 275 3315; x_wconf 77' lang='lat' dir='ltr'>ts</span> <span class='ocrx_word' id='word_1_232' title='bbox 293 3259 510 3342; x_wconf 83' lang='lat' dir='ltr'>praemittitur</span> <span class='ocrx_word' id='word_1_233' title='bbox 536 3261 646 3324; x_wconf 91' lang='grc' dir='ltr'>κανών</span> <span class='ocrx_word' id='word_1_234' title='bbox 680 3259 826 3342; x_wconf 83' lang='lat' dir='ltr'>quadrat.</span> <span class='ocrx_word' id='word_1_235' title='bbox 882 3258 1052 3322; x_wconf 84' lang='lat' dir='ltr'>Praeterea</span> <span class='ocrx_word' id='word_1_236' title='bbox 1086 3263 1193 3322; x_wconf 86' lang='lat' dir='ltr'>autem</span> <span class='ocrx_word' id='word_1_237' title='bbox 1225 3279 1302 3322; x_wconf 85' lang='lat' dir='ltr'>eane</span> <span class='ocrx_word' id='word_1_238' title='bbox 1330 3254 1402 3318; x_wconf 77' lang='lat' dir='ltr'>Oruffl</span> 
     </span>
     <span class='ocr_line' id='line_1_28' title="bbox 292 3359 1402 3453; baseline -0.009 -22"><span class='ocrx_word' id='word_1_239' title='bbox 292 3369 474 3453; x_wconf 84' lang='lat' dir='ltr'>putabimus</span> <span class='ocrx_word' id='word_1_240' title='bbox 507 3369 688 3433; x_wconf 84' lang='lat' dir='ltr'>temeritate</span> <span class='ocrx_word' id='word_1_241' title='bbox 725 3370 838 3452; x_wconf 85' lang='lat' dir='ltr'>fuisse,</span> <span class='ocrx_word' id='word_1_242' title='bbox 873 3369 927 3453; x_wconf 91' lang='lat' dir='ltr'>qui</span> <span class='ocrx_word' id='word_1_243' title='bbox 966 3393 985 3433; x_wconf 88' lang='lat' dir='ltr'>a</span> <span class='ocrx_word' id='word_1_244' title='bbox 1021 3369 1183 3453; x_wconf 83' lang='lat' dir='ltr'>quibusvis</span> <span class='ocrx_word' id='word_1_245' title='bbox 1216 3359 1402 3452; x_wconf 74' lang='lat' dir='ltr'>primitivis</span> 
     </span>
     <span class='ocr_line' id='line_1_29' title="bbox 293 3478 1401 3563; baseline -0.005 -21"><span class='ocrx_word' id='word_1_246' title='bbox 293 3480 404 3562; x_wconf 87' lang='lat' dir='ltr'>puris</span> <span class='ocrx_word' id='word_1_247' title='bbox 426 3480 557 3543; x_wconf 83' lang='lat' dir='ltr'>formari</span> <span class='ocrx_word' id='word_1_248' title='bbox 582 3479 717 3563; x_wconf 80' lang='lat' dir='ltr'>gentilia</span> <span class='ocrx_word' id='word_1_249' title='bbox 740 3479 773 3542; x_wconf 90' lang='lat' dir='ltr'>in</span> <span class='ocrx_word' id='word_1_250' title='bbox 797 3482 874 3560; x_wconf 84' lang='grc' dir='ltr'>ηνότ</span> <span class='ocrx_word' id='word_1_251' title='bbox 896 3480 1063 3543; x_wconf 79' lang='lat' dir='ltr'>traderet?</span> <span class='ocrx_word' id='word_1_252' title='bbox 1090 3501 1131 3543; x_wconf 85' lang='lat' dir='ltr'>an</span> <span class='ocrx_word' id='word_1_253' title='bbox 1161 3478 1195 3542; x_wconf 91' lang='lat' dir='ltr'>in</span> <span class='ocrx_word' id='word_1_254' title='bbox 1217 3479 1299 3542; x_wconf 86' lang='lat' dir='ltr'>hono</span> <span class='ocrx_word' id='word_1_255' title='bbox 1319 3491 1401 3539; x_wconf 68' lang='lat' dir='ltr'>conce</span> 
     </span>
     <span class='ocr_line' id='line_1_30' title="bbox 293 3583 1400 3673; baseline 0.003 -23"><span class='ocrx_word' id='word_1_256' title='bbox 293 3589 366 3652; x_wconf 88' lang='lat' dir='ltr'>dere</span> <span class='ocrx_word' id='word_1_257' title='bbox 389 3590 579 3652; x_wconf 86' lang='lat' dir='ltr'>emendandi</span> <span class='ocrx_word' id='word_1_258' title='bbox 608 3591 693 3653; x_wconf 89' lang='lat' dir='ltr'>viam</span> <span class='ocrx_word' id='word_1_259' title='bbox 715 3593 874 3673; x_wconf 86' lang='lat' dir='ltr'>praestat:</span> <span class='ocrx_word' id='word_1_260' title='bbox 902 3591 921 3654; x_wconf 88' lang='grc' dir='ltr'>ὁ</span> <span class='ocrx_word' id='word_1_261' title='bbox 949 3593 985 3655; x_wconf 82' lang='grc' dir='ltr'>δὲ</span> <span class='ocrx_word' id='word_1_262' title='bbox 1007 3591 1106 3670; x_wconf 83' lang='grc' dir='ltr'>Ὦροε</span> <span class='ocrx_word' id='word_1_263' title='bbox 1133 3591 1243 3656; x_wconf 84' lang='grc' dir='ltr'>αὐτῶν</span> <span class='ocrx_word' id='word_1_264' title='bbox 1263 3590 1301 3654; x_wconf 88' lang='grc' dir='ltr'>τά</span> <span class='ocrx_word' id='word_1_265' title='bbox 1319 3586 1352 3666; x_wconf 87' lang='grc' dir='ltr'>μή</span> <span class='ocrx_word' id='word_1_266' title='bbox 1369 3583 1400 3661; x_wconf 63' lang='grc' dir='ltr'>τῷ</span> 
     </span>
     <span class='ocr_line' id='line_1_31' title="bbox 292 3695 1400 3785; baseline 0.005 -22"><span class='ocrx_word' id='word_1_267' title='bbox 292 3722 302 3762; x_wconf 93' lang='grc' dir='ltr'>ι</span> <span class='ocrx_word' id='word_1_268' title='bbox 328 3701 548 3779; x_wconf 85' lang='grc' dir='ltr'>καθαρεύοντα</span> <span class='ocrx_word' id='word_1_269' title='bbox 573 3708 620 3785; x_wconf 84' lang='grc' dir='ltr'>τῷ</span> <span class='ocrx_word' id='word_1_270' title='bbox 649 3723 669 3779; x_wconf 91' lang='grc' dir='ltr'>η</span> <span class='ocrx_word' id='word_1_271' title='bbox 697 3703 780 3766; x_wconf 83' lang='grc' dir='ltr'>θέλει</span> <span class='ocrx_word' id='word_1_272' title='bbox 808 3701 1056 3780; x_wconf 83' lang='grc' dir='ltr'>παραλήγεεθαι·</span> <span class='ocrx_word' id='word_1_273' title='bbox 1090 3700 1262 3784; x_wconf 77' lang='lat' dir='ltr'>(mgitarit</span> <span class='ocrx_word' id='word_1_274' title='bbox 1285 3697 1320 3760; x_wconf 86' lang='lat' dir='ltr'>de</span> <span class='ocrx_word' id='word_1_275' title='bbox 1344 3695 1400 3767; x_wconf 74' lang='grc' dir='ltr'>Κυθ·</span> 
     </span>
     <span class='ocr_line' id='line_1_32' title="bbox 292 3799 1399 3896; baseline -0.004 -21"><span class='ocrx_word' id='word_1_276' title='bbox 292 3814 436 3892; x_wconf 81' lang='grc' dir='ltr'>ταιηνόε,</span> <span class='ocrx_word' id='word_1_277' title='bbox 462 3813 668 3892; x_wconf 78' lang='grc' dir='ltr'>Μαρτυηνόε,</span> <span class='ocrx_word' id='word_1_278' title='bbox 693 3811 880 3894; x_wconf 85' lang='lat' dir='ltr'>similibus:)</span> <span class='ocrx_word' id='word_1_279' title='bbox 902 3812 1001 3891; x_wconf 68' lang='grc' dir='ltr'>χωρὶς</span> <span class='ocrx_word' id='word_1_280' title='bbox 1023 3812 1049 3875; x_wconf 88' lang='grc' dir='ltr'>εἰ</span> <span class='ocrx_word' id='word_1_281' title='bbox 1071 3813 1180 3896; x_wconf 77' lang='grc' dir='ltr'>μήτῷ</span> <span class='ocrx_word' id='word_1_282' title='bbox 1206 3799 1399 3890; x_wconf 57' lang='lat' dir='ltr'>pauperata&amp;</span> 
     </span>
     <span class='ocr_line' id='line_1_33' title="bbox 291 3914 1399 4005; baseline -0.002 -19"><span class='ocrx_word' id='word_1_283' title='bbox 291 3942 371 4001; x_wconf 90' lang='grc' dir='ltr'>μενα</span> <span class='ocrx_word' id='word_1_284' title='bbox 399 3924 568 4002; x_wconf 82' lang='grc' dir='ltr'>διφοροῑτο</span> <span class='ocrx_word' id='word_1_285' title='bbox 600 3918 656 4005; x_wconf 86' lang='lat' dir='ltr'>[sio</span> <span class='ocrx_word' id='word_1_286' title='bbox 685 3924 771 3983; x_wconf 83' lang='lat' dir='ltr'>recte</span> <span class='ocrx_word' id='word_1_287' title='bbox 799 3920 947 3984; x_wconf 84' lang='lat' dir='ltr'>Lehrsius</span> <span class='ocrx_word' id='word_1_288' title='bbox 975 3943 1033 4004; x_wconf 92' lang='lat' dir='ltr'>pro</span> <span class='ocrx_word' id='word_1_289' title='bbox 1060 3921 1263 4003; x_wconf 78' lang='grc' dir='ltr'>διαφοροῑτο]</span> <span class='ocrx_word' id='word_1_290' title='bbox 1288 3914 1399 3984; x_wconf 65' lang='grc' dir='ltr'>καθάπερ</span> 
     </span>
     <span class='ocr_line' id='line_1_34' title="bbox 291 4023 1398 4113; baseline -0.003 -16"><span class='ocrx_word' id='word_1_291' title='bbox 291 4035 342 4097; x_wconf 87' lang='grc' dir='ltr'>ἐπὶ</span> <span class='ocrx_word' id='word_1_292' title='bbox 370 4037 428 4097; x_wconf 88' lang='grc' dir='ltr'>τοθ</span> <span class='ocrx_word' id='word_1_293' title='bbox 456 4031 648 4110; x_wconf 83' lang='grc' dir='ltr'>Ἀγκυρανόε</span> <span class='ocrx_word' id='word_1_294' title='bbox 675 4033 725 4094; x_wconf 90' lang='grc' dir='ltr'>καὶ</span> <span class='ocrx_word' id='word_1_295' title='bbox 747 4081 885 4113; x_wconf 78' lang='grc'><strong>.......</strong></span> <span class='ocrx_word' id='word_1_296' title='bbox 913 4035 999 4111; x_wconf 82' lang='grc' dir='ltr'>πλὴν</span> <span class='ocrx_word' id='word_1_297' title='bbox 1027 4036 1093 4097; x_wconf 86' lang='grc' dir='ltr'>τῶν</span> <span class='ocrx_word' id='word_1_298' title='bbox 1125 4032 1168 4096; x_wconf 76' lang='grc' dir='ltr'>εἰ(</span> <span class='ocrx_word' id='word_1_299' title='bbox 1198 4053 1219 4095; x_wconf 90' lang='grc' dir='ltr'>α</span> <span class='ocrx_word' id='word_1_300' title='bbox 1250 4023 1398 4102; x_wconf 66' lang='grc' dir='ltr'>οὐδετέρων</span> 
     </span>
     <span class='ocr_line' id='line_1_35' title="bbox 293 4139 1397 4226; baseline 0.002 -23"><span class='ocrx_word' id='word_1_301' title='bbox 293 4143 348 4224; x_wconf 84' lang='lat' dir='ltr'>(ef.</span> <span class='ocrx_word' id='word_1_302' title='bbox 373 4167 404 4224; x_wconf 92' lang='lat' dir='ltr'>p.</span> <span class='ocrx_word' id='word_1_303' title='bbox 429 4144 486 4225; x_wconf 78' lang='lat'>20,</span> <span class='ocrx_word' id='word_1_304' title='bbox 518 4143 570 4226; x_wconf 82' lang='lat'>10)</span> <span class='ocrx_word' id='word_1_305' title='bbox 600 4143 644 4205; x_wconf 85' lang='grc' dir='ltr'>ὼε</span> <span class='ocrx_word' id='word_1_306' title='bbox 674 4142 889 4222; x_wconf 72' lang='grc' dir='ltr'>Θυατειρηνός</span> <span class='ocrx_word' id='word_1_307' title='bbox 916 4142 966 4207; x_wconf 85' lang='grc' dir='ltr'>καὶ</span> <span class='ocrx_word' id='word_1_308' title='bbox 995 4143 1194 4222; x_wconf 86' lang='grc' dir='ltr'>Γερμαρηνόε</span> <span class='ocrx_word' id='word_1_309' title='bbox 1220 4142 1268 4206; x_wconf 86' lang='grc' dir='ltr'>καὶ</span> <span class='ocrx_word' id='word_1_310' title='bbox 1291 4139 1397 4210; x_wconf 70' lang='lat' dir='ltr'>suoru·</span> 
     </span>
     <span class='ocr_line' id='line_1_36' title="bbox 292 4240 1396 4336; baseline -0.005 -19"><span class='ocrx_word' id='word_1_311' title='bbox 292 4253 362 4317; x_wconf 84' lang='grc' dir='ltr'>νόε·</span> <span class='ocrx_word' id='word_1_312' title='bbox 386 4253 433 4319; x_wconf 87' lang='grc' dir='ltr'>ὼν</span> <span class='ocrx_word' id='word_1_313' title='bbox 455 4256 494 4318; x_wconf 90' lang='grc' dir='ltr'>τὰ</span> <span class='ocrx_word' id='word_1_314' title='bbox 515 4255 572 4333; x_wconf 81' lang='grc' dir='ltr'>μὲν</span> <span class='ocrx_word' id='word_1_315' title='bbox 596 4253 683 4331; x_wconf 87' lang='grc' dir='ltr'>παρά</span> <span class='ocrx_word' id='word_1_316' title='bbox 705 4255 763 4330; x_wconf 88' lang='grc' dir='ltr'>τὴν</span> <span class='ocrx_word' id='word_1_317' title='bbox 785 4254 942 4332; x_wconf 88' lang='grc' dir='ltr'>Ἄγκυραν</span> <span class='ocrx_word' id='word_1_318' title='bbox 965 4254 1172 4333; x_wconf 81' lang='grc' dir='ltr'>ευνεξέδρομε</span> <span class='ocrx_word' id='word_1_319' title='bbox 1200 4257 1245 4336; x_wconf 85' lang='grc' dir='ltr'>τῷ</span> <span class='ocrx_word' id='word_1_320' title='bbox 1266 4240 1396 4325; x_wconf 61' lang='lat' dir='ltr'>(uomit</span> 
     </span>
     <span class='ocr_line' id='line_1_37' title="bbox 293 4347 1467 4442; baseline -0.001 -16"><span class='ocrx_word' id='word_1_321' title='bbox 293 4364 487 4442; x_wconf 79' lang='grc' dir='ltr'>Βοιτρανόε,</span> <span class='ocrx_word' id='word_1_322' title='bbox 516 4365 555 4426; x_wconf 86' lang='grc' dir='ltr'>τά</span> <span class='ocrx_word' id='word_1_323' title='bbox 583 4366 617 4426; x_wconf 82' lang='grc' dir='ltr'>δὲ</span> <span class='ocrx_word' id='word_1_324' title='bbox 647 4363 712 4425; x_wconf 86' lang='grc' dir='ltr'>άπὸ</span> <span class='ocrx_word' id='word_1_325' title='bbox 740 4369 798 4427; x_wconf 83' lang='grc' dir='ltr'>τοῦ</span> <span class='ocrx_word' id='word_1_326' title='bbox 820 4365 859 4428; x_wconf 88' lang='grc' dir='ltr'>τά</span> <span class='ocrx_word' id='word_1_327' title='bbox 888 4364 1045 4442; x_wconf 89' lang='grc' dir='ltr'>Θυάτειρα</span> <span class='ocrx_word' id='word_1_328' title='bbox 1072 4365 1122 4428; x_wconf 86' lang='grc' dir='ltr'>καὶ</span> <span class='ocrx_word' id='word_1_329' title='bbox 1149 4365 1189 4429; x_wconf 87' lang='grc' dir='ltr'>τά</span> <span class='ocrx_word' id='word_1_330' title='bbox 1216 4363 1341 4439; x_wconf 74' lang='grc' dir='ltr'>Γέρμαρα</span> <span class='ocrx_word' id='word_1_331' title='bbox 1361 4347 1397 4410; x_wconf 63' lang='grc' dir='ltr'>Καὶ</span> <span class='ocrx_word' id='word_1_332' title='bbox 1466 4423 1467 4430; x_wconf 70' lang='grc'>,</span> 
     </span>
    </p>
   </div>
   <div class='ocr_carea' id='block_1_3' title="bbox 0 0 1492 5140">
    <p class='ocr_par' dir='ltr' id='par_1_3' title="bbox 0 0 1492 5140">
     <span class='ocr_line' id='line_1_38' title="bbox 0 0 1492 5140; baseline 0 0"><span class='ocrx_word' id='word_1_333' title='bbox 0 0 1492 5140; x_wconf 95' lang='lat' dir='ltr'> </span> 
     </span>
    </p>
   </div>
  </div>
 </body>
</html>
