2952 5132
359 371 518 421 nrorrsu
540 371 892 422 nrnrcrarrssnnsrs.
1136 354 1200 418 479

74 524 127 590 rol.
154 524 170 588 l
196 547 228 609 p.
251 524 314 588 240
341 524 396 588 ille
424 524 492 608 ipse
522 525 822 588 commemoraretur
847 525 1110 588 membranaceus
1137 523 1200 588 373

72 635 141 718 ‘fol.,
168 656 251 698 saec.
275 633 349 698 XV’
387 637 552 720 tamquam
584 633 784 698 Bessarionis
815 635 901 698 iussu
936 657 1035 699 manu
1067 633 1199 698 Ioannis

73 743 162 808 Rhosi
184 743 372 829 descriptus,
395 747 506 828 postea
529 747 635 808 autem
658 766 730 808 cum
752 765 771 808 a
792 743 925 828 Sigonio
948 745 1110 809 consultus
1131 747 1199 808 tum

72 853 223 939 Sylburgii
253 875 365 918 caussa
392 854 434 918 ab
462 853 659 938 Hieronymo
682 854 871 918 Dcnzelliuo
894 853 1055 918 Brixiensi
1082 853 1199 918 0100-

72 965 160 1028 briele
181 963 298 1030 Severo
321 965 471 1049 episcopo
487 963 763 1048 Philadelphiensi
789 965 938 1028 collatm:
962 969 994 1028 et
1016 986 1033 1028 e
1056 964 1199 1048 pleniore

73 1073 217 1158 Theupoli
240 1073 397 1158 Catalogo
420 1096 449 1158 p.
471 1075 529 1139 111
548 1097 616 1158 sqq.
640 1077 768 1158 praeter
789 1074 867 1138 duos
889 1073 961 1137 illos
983 1072 1044 1139 XV
1068 1077 1101 1138 et
1122 1073 1201 1138 XIV

72 1205 144 1248 saec.
173 1185 271 1248 libros
299 1206 374 1249 mss.
410 1184 534 1248 nullum
566 1183 697 1248 omnino
729 1183 930 1248 Marcianum
957 1183 1199 1268 Antiquitatum

73 1293 202 1358 codicem
224 1297 349 1358 exstare
372 1293 623 1377 intellegeretur.
661 1287 701 1357 In
724 1293 784 1356 hac
807 1293 1062 1358 testimoniorum
1084 1315 1199 1378 repug-

72 1403 175 1466 nantia
197 1425 318 1468 summa
341 1425 407 1468 non
429 1403 521 1467 video
543 1403 617 1487 quid
640 1402 683 1466 sit
698 1404 864 1488 reliquum,
889 1403 952 1468 nisi
975 1405 1098 1468 utnon
1120 1403 1198 1467 satis

72 1511 232 1598 diligenter
255 1514 430 1580 examinati
452 1535 519 1578 esse
542 1511 616 1578 libri
638 1511 756 1578 Veneti
779 1513 960 1578 credantur.
983 1549 1026 1562 -
1051 1513 1198 1578 Ceterum

73 1643 107 1684 ne
131 1623 271 1688 litterula
307 1624 433 1708 quidem
467 1645 486 1686 a
513 1621 639 1688 Veneto
672 1621 917 1687 membranaceo
951 1623 1200 1688 Mediolanensis

72 1731 291 1798 Ambrosianus
306 1734 466 1817 discrepat
489 1733 530 1796 ab
545 1733 716 1797 Ambrosio
732 1733 922 1817 aliquotiens
945 1733 1122 1817 inspectus:
1145 1733 1199 1816 qui

73 1841 187 1924 quidem
207 1864 274 1909 non
296 1845 402 1928 potest
425 1843 505 1906 alius
528 1863 596 1906 esse
619 1863 714 1926 quam
737 1864 830 1927 quem
846 1843 1086 1928 Antiquitatum
1101 1843 1199 1907 libros

72 1951 198 2037 quinque
219 1953 342 2038 priores
365 1975 437 2018 cum
458 1952 627 2016 undecimo
650 1953 835 2037 complecti,
859 1953 1014 2037 scriptum
1036 1956 1142 2018 autem
1165 1953 1200 2018 in

73 2059 179 2126 chartis
201 2083 271 2128 esse
293 2063 419 2128 saeculo
441 2062 502 2126 XV
525 2065 558 2126 et
579 2069 606 2126 Α
625 2073 678 2126 159
691 2083 759 2143 rap.
783 2063 906 2148 signari
929 2063 1073 2148 Angelus
1096 2063 1199 2126 Maius

73 2175 173 2236 namat
195 2172 345 2258 Append.
370 2173 410 2236 ad
433 2172 580 2256 Dionysii
603 2172 690 2256 Epit.
714 2196 746 2257 p.
773 2174 833 2237 106
856 2173 904 2236 ed.
929 2171 1078 2236 lhanccf.

144 2282 259 2348 Restat
279 2285 316 2346 ut
337 2281 376 2346 de
400 2281 546 2348 Parisino
569 2283 676 2346 codice
698 2281 838 2347 breviter
860 2282 976 2364 dicam,
1001 2304 1018 2346 e
1040 2305 1102 2366 quo
1124 2279 1198 2346 Dio-

72 2391 144 2472 nysii
165 2393 386 2477 Antiquitates
414 2393 448 2456 in
471 2393 574 2456 lucem
601 2393 738 2477 primum
766 2393 925 2477 protraxit
947 2391 1105 2456 Robertus
1128 2392 1199 2457 Ste-

72 2499 183 2580 phanus
212 2525 242 2568 a.
274 2503 365 2568 1546.
416 2503 466 2566 Ac
494 2501 617 2586 Regiae
645 2503 734 2566 illum
763 2501 976 2567 bibliothecae
1004 2501 1102 2566 tuisse
1129 2501 1200 2585 ipsa

73 2607 228 2695 inscriptio
250 2611 401 2676 editionis
422 2611 578 2696 principis
600 2615 747 2676 testatur.
778 2611 827 2676 Ea
847 2614 954 2676 autem
976 2612 1010 2676 in
1033 2612 1199 2676 bibliothe-

74 2739 105 2781 ca
130 2721 187 2785 etei
214 2722 293 2786 duos
328 2721 452 2786 codices
478 2722 718 2805 Antiquitatum
746 2722 866 2786 servari
893 2721 1066 2806 Catalogus
1094 2721 1197 2804 docet,

73 2849 100 2890 n.
122 2831 199 2897 1654
222 2837 255 2895 ct
279 2831 375 2915 1655,
406 2829 610 2896 chartaceum
636 2836 803 2917 utrumque
826 2835 858 2896 et
880 2831 958 2896 XVI
984 2831 1108 2894 demum
1132 2853 1199 2895 sae·

75 2939 139 3021 culi,
159 2945 271 3006 tamen
292 2945 406 3006 neuter
429 2963 497 3006 esse
520 2941 758 3026 Stephanianus
780 2947 902 3027 potest,
927 2940 1044 3025 quippe
1067 2963 1200 3025 quorum

74 3047 143 3112 alter
169 3051 309 3136 quinque
335 3055 463 3116 tantum
491 3051 612 3136 priores
639 3053 738 3117 libros
765 3056 893 3134 teneat,
929 3052 1068 3136 quinque
1095 3055 1199 3135 poste·

73 3158 158 3224 riores
184 3162 277 3226 alter.
285 3162 317 3248 *)
361 3161 421 3226 His
450 3165 557 3228 autem
585 3163 683 3226 ctiam
711 3163 841 3226 tertium
870 3161 1041 3226 accessisse
1069 3181 1200 3226 necesse

73 3271 122 3350 est,
143 3270 219 3336 item
242 3293 261 3336 a
281 3271 501 3355 Stephaniano
523 3273 693 3356 diversum,
716 3276 847 3357 propter
869 3271 1016 3336 Hudsoni
1039 3271 1199 3356 quandam

72 3381 262 3464 memoriam,
298 3382 352 3466 qui
378 3384 413 3446 in
442 3383 505 3446 fine
533 3382 636 3467 primi
657 3382 826 3447 voluminis
855 3385 900 3466 (p.
931 3382 1007 3467 728)
1041 3380 1200 3446 duorum

73 3481 234 3573 Regiorum
262 3491 406 3556 codicum
434 3491 609 3576 scripturas
636 3493 743 3576 posuit
769 3493 809 3556 ad
837 3491 910 3556 libri
933 3489 948 3556 Ι
972 3513 1042 3575 cap.
1066 3491 1105 3556 61
1130 3513 1198 3574 sqq.

73 3602 258 3678 spectantes:
295 3623 373 3686 quas
406 3601 490 3666 unde
527 3603 687 3688 acceperit
719 3625 777 3668 nos
811 3623 922 3686 passus
956 3605 1005 3665 est
1037 3602 1198 3687 ignorare.

73 3703 126 3772 Sed
150 3711 278 3795 propior
306 3711 462 3796 quaedam
491 3735 562 3778 cum
585 3711 742 3797 Stephani
770 3712 878 3776 codice
906 3711 988 3776 ratio
1018 3711 1074 3776 alii
1102 3713 1199 3776 inter·

74 3815 146 3880 cedit
167 3820 248 3886 libro
271 3819 428 3906 Parisino,
460 3822 658 3888 Coisliniano
680 3845 713 3887 n.
740 3823 810 3904 150,
834 3821 953 3888 saeculi
976 3821 1048 3906 XV,
1071 3827 1199 3906 praeter

73 3926 196 4004 primam
218 3935 252 3995 et
274 3931 409 3996 alteram
430 3933 602 4017 pentadem
632 3933 729 3996 etiam
752 3931 799 3996 XI
821 3933 1061 4016 Antiquitatum
1083 3933 1199 3996 librum

74 4039 302 4124 complectenti,
331 4041 370 4106 de
392 4064 453 4126 quo
475 4041 521 4106 sic
543 4041 812 4106 Montefalconius
836 4039 920 4105 Bibl.
945 4041 1040 4108 Coisl.
1064 4063 1096 4125 p.
1120 4041 1199 4107 215:

74 4186 260 4206 *Q*—

120 4291 142 4358 ⁸³)
160 4291 261 4362 [Vnum
278 4292 401 4350 codicem
419 4311 480 4350 esse
499 4293 607 4350 duobus
624 4293 810 4350 voluminibus
832 4293 1060 4364 comprehensum
1078 4298 1143 4364 post
1160 4293 1199 4350 in·

74 4379 162 4438 tellexi.
196 4380 256 4442 Nec
274 4404 336 4442 cum
354 4386 521 4475 Coishniano
539 4387 686 4456 quicquam
705 4388 840 4458 Stephani
858 4388 973 4444 editioni
991 4391 1155 4459 commune]
