2952 5132
261 337 324 404 452
720 355 766 406 na
789 356 938 408 urasrrs

264 513 348 572 certe
371 533 444 593 pars
467 533 574 573 eorum
597 511 653 595 (cf.
678 511 718 574 fr.
743 511 861 596 XXII).
906 511 1089 574 Pellaeus
1116 511 1215 600 igitur
1240 509 1367 593 Marsyas,

262 621 404 704 aequalis
439 620 613 684 Alexandri
642 620 685 684 M.
717 643 787 684 curn
815 642 913 704 eoque
940 643 1005 683 una
1039 621 1190 684 educatus
1197 671 1205 702 ,
1240 621 1369 703 Antigoni

263 735 368 793 autem
395 730 497 792 frater
529 731 674 793 uterinus
709 730 764 812 (fr.
787 729 865 815 IX),
900 730 960 793 etsi
993 731 1187 810 γραμμάτων
1214 731 1369 794 oritano

262 840 367 923 aliquo
394 844 537 923 tempore
565 840 683 924 fuit*),
717 843 826 903 tamen
860 843 984 903 mutata
1020 840 1106 904 vitae
1142 839 1316 903 condicione
1341 838 1370 900 ad

262 972 350 1012 arma
373 973 406 1013 se
430 950 600 1013 contulerit
622 952 762 1032 oportet,
792 949 918 1033 quando
941 971 1068 1033 pugnae
1090 949 1199 1013 navali
1225 950 1263 1013 ab
1281 949 1371 1012 Deme

262 1061 323 1123 trio
357 1061 515 1143 Antigoni
548 1060 614 1122 tilio
652 1060 769 1143 olymp.
807 1059 882 1140 118,
916 1061 936 1122 2
971 1061 1081 1122 contra
1109 1058 1316 1122 Ptolemaeum
1343 1057 1372 1118 ad

262 1168 400 1252 (lyprnm
424 1170 609 1233 commissae
632 1169 788 1250 interfuit,
813 1169 881 1250 ipse
904 1168 1014 1232 classis
1036 1169 1212 1251 particulae
1229 1169 1268 1232 ab
1281 1168 1373 1230 Deme·

259 1279 322 1340 trio
359 1279 538 1361 praefectus
573 1279 626 1363 (fr.
661 1278 732 1364 IX).
788 1283 899 1342 Iterum
938 1284 1208 1343 Macedonicarum
1241 1283 1373 1342 dalonen

261 1389 368 1451 decem
398 1389 486 1452 libris
517 1390 697 1472 complexus
725 1393 773 1452 est
800 1388 842 1452 ab
869 1388 1047 1471 originibus
1075 1388 1116 1451 ad
1140 1387 1255 1470 olymp.
1281 1385 1375 1466 nar

261 1499 315 1581 (fr.
332 1498 403 1582 IX),
428 1499 474 1561 ita
496 1499 622 1581 quidem
644 1502 680 1561 ut
702 1498 870 1562 minimum
891 1501 1040 1581 quattuor
1062 1498 1135 1561 libri
1157 1495 1251 1560 medii
1272 1495 1304 1558 in
1318 1494 1375 1558 Phi-

260 1608 450 1690 lippicorum
487 1611 666 1692 temporum
707 1608 891 1671 narratione
929 1611 1132 1670 versarentur
1165 1607 1218 1691 (fr.
1251 1605 1290 1668 V.
1318 1603 1375 1668 Vlr.

260 1717 323 1781 Pro
351 1740 388 1781 ea
417 1740 497 1801 quae
526 1739 596 1780 cum
624 1722 835 1781 tractatarum
868 1739 973 1781 rerum
1001 1715 1153 1780 memoria
1180 1714 1376 1779 intercedebat

260 1826 407 1908 Marsyae
437 1832 468 1890 et
498 1828 622 1910 patriae
651 1831 682 1890 et
711 1829 826 1891 aetatis
849 1827 1001 1909 societas,
1031 1827 1170 1909 locuples
1202 1825 1333 1908 scriptor
1354 1838 1378 1884 et

260 1936 321 1998 fide
344 1937 460 2020 dignus
483 1937 607 2000 videtur
630 1938 789 2001 exstitisse
813 1938 866 2020 (fr.
890 1936 961 2018 IV).
1013 1935 1081 2000 Nec
1103 1941 1271 2000 Atticorum
1297 1933 1378 1997 ullum

260 2047 430 2128 vestigium
453 2050 558 2109 exstat
586 2048 642 2129 (cf.
666 2047 706 2110 fr.
731 2047 807 2131 XI),
839 2067 908 2129 nec,
933 2047 1049 2109 damno
1072 2045 1226 2128 imprimis
1250 2043 1378 2110 dolendo.

260 2156 326 2218 eius
354 2155 426 2219 libri
456 2179 517 2239 quo
548 2164 585 2220 de
612 2164 789 2221 educatione
816 2161 992 2219 Alexandri
1018 2161 1062 2219 M.
1091 2157 1320 2218 commentatus
1343 2156 1379 2214 est

261 2266 316 2348 (ef.
352 2266 393 2328 fr.
424 2266 556 2349 XXVI).
608 2266 752 2328 Marsas
786 2269 892 2328 autern
924 2265 1225 2348 Philippensis„
1251 2261 1380 2327 Herculis

259 2376 405 2438 sacerdos
429 2377 483 2459 (fr.
507 2375 615 2459 XVI),
641 2375 778 2457 primum
801 2378 1063 2438 commemoratus
1086 2374 1171 2437 circa
1193 2372 1380 2457 Vespasiani.

259 2486 390 2549 Traiani
406 2485 625 2568 Hadrianique
648 2489 792 2568 tempera
816 2484 869 2568 (fr.
887 2483 975 2547 XIX.
992 2483 1063 2547 XX.
1080 2483 1184 2568 XVI),
1201 2485 1265 2547 etsi
1280 2491 1381 2567 quanto
1472 2547 1473 2554 ,

260 2600 332 2676 post
358 2597 520 2658 Pellaeum
547 2595 662 2658 vixerit
688 2617 754 2657 non
784 2597 919 2676 constat,
951 2597 1061 2657 tamen
1093 2593 1177 2657 haud
1208 2597 1383 2658 cunctanter

260 2705 299 2767 ad
327 2706 509 2787 posterioris
538 2705 652 2767 aetatis
682 2727 718 2767 ca
746 2707 890 2787 tempora
917 2703 1101 2766 referendus
1129 2706 1192 2784 est,
1221 2701 1383 2787 quibusin

260 2815 468 2897 multiplicem
495 2815 601 2877 variae
625 2814 811 2877 cruditionis
834 2813 1060 2878 tractationem
1082 2813 1295 2897 subtilemque
1317 2833 1383 2874 cour-

251 2925 425 2988 'nrcntandi
455 2924 631 2987 exilitatem
661 2928 750 2986 vetus
780 2928 811 2987 et
840 2925 972 3007 antiqua
1000 2923 1179 2986 litterarum
1207 2922 1383 3006 simplicitas

260 3037 399 3096 verterat
426 3035 480 3116 (fr.
510 3033 605 3097 XVII
632 3035 726 3118 sqq.)
776 3031 880 3096 Huius
914 3039 1148 3109 Macedonicae,
1183 3055 1267 3116 quae
1300 3032 1383 3094 multa

259 3144 355 3205 fuisse
378 3144 411 3205 in
433 3144 573 3206 locorum
597 3143 809 3225 descriptione
837 3143 985 3205 videntur
1015 3143 1068 3226 (fr.
1093 3141 1184 3224 XV),
1219 3143 1301 3206 haec
1323 3141 1382 3216 suit,
1472 3227 1473 3231 Ἰ

259 3253 284 3315 si
308 3253 490 3316 testimonio
513 3276 577 3315 non
601 3253 750 3335 ambiguo
773 3252 964 3334 insistimus,
989 3252 1071 3314 ratio
1078 3301 1087 3333 ,
1111 3256 1147 3314 ut
1169 3252 1384 3316 incohatuma

260 3362 385 3426 Pellaeo
408 3386 486 3445 opus
516 3362 756 3443 continuarent,
786 3361 818 3424 h.
844 3383 870 3424 e.
894 3364 930 3423 ut
952 3360 1177 3444 praetermissa
1200 3363 1384 3445 superiorum

258 3494 369 3555 regum
392 3471 544 3535 memoria
568 3473 608 3534 ab
631 3470 730 3554 ipsius
746 3471 921 3534 Alexandri
944 3472 988 3533 M.
1012 3471 1106 3534 rebus
1129 3472 1242 3554 gestis,
1267 3490 1385 3555 quarum

258 3587 382 3664 partem
415 3585 541 3645 tantum
574 3581 803 3664 perscripserat
836 3581 997 3662 Pellaeus,
1036 3579 1219 3643 ordirentur
1255 3581 1309 3663 (sr.
1341 3577 1384 3641 xl.

256 3692 344 3754 libris
384 3696 491 3754 autem
527 3691 694 3754 minimum
731 3712 785 3753 sex
820 3689 1163 3773 comprehenderentur
1200 3689 1258 3774 (fr.
1295 3687 1385 3752 xllb.

258 3804 345 3875 tluac
377 3806 481 3864 antem
521 3802 605 3864 inter
643 3799 722 3863 haec
754 3800 970 3882 Philippensis
1004 3799 1151 3881 Marsyae
1189 3797 1385 3862 Macedonica

259 3911 459 3995 eiusdemque
482 3914 520 3976 τὰ
543 3913 613 3990 περὶ
636 3912 864 3992 Ἀλέξανδρον,
894 3931 1026 3991 quorum
1054 3908 1183 3991 quintus
1209 3907 1296 3970 liber
1316 3905 1386 3969 enci·

325 4184 349 4248 ’ἢ
369 4183 409 4250 [ld
428 4200 475 4235 cur
494 4181 529 4234 ud
548 4179 634 4234 aniles
657 4180 766 4235 salrulus
785 4180 926 4233 Hcclrcrus
945 4179 1052 4247 releget
1069 4175 1207 4245 Plrilologi
1227 4181 1249 4230 t.
1265 4177 1290 4231 V
1301 4197 1326 4247 p.
1340 4180 1387 4228 lii.

258 4292 353 4328 sanam
377 4277 512 4328 rationem
541 4293 594 4327 non
620 4276 729 4342 expiate.
772 4273 908 4326 Nimirmu
934 4272 1042 4326 Plremii
1063 4271 1109 4323 ille
1132 4270 1305 4337 Homerique
1326 4287 1386 4334 qun·

258 4371 381 4421 teruntur
399 4368 562 4434 magisteria
580 4369 737 4419 antrat-idm·
758 4368 786 4418 ut
805 4368 962 4420 conuncuta
980 4383 1091 4434 prorsus
1110 4362 1234 4432 parilia.)
