2954 5134
269 321 333 384 570
557 335 819 385 nuouonocrvn
842 336 1124 386 v1un0nounusu.

269 491 342 574 513,
368 489 611 552 Buisscnadium
633 489 649 552 Ι
671 512 703 572 p.
729 490 800 554 139.
843 489 906 553 Pro
929 491 1137 576 ἐκγελαεθήεῃ
1161 491 1258 555 scribe
1277 495 1323 554 aut
1338 511 1374 566 γε·

270 602 405 686 λαεθήεῃ
428 603 484 663 aut
506 600 611 683 potius
635 602 895 684 καταγελαεθήεῃ.

353 712 394 774 47
425 711 600 777 (εκοῦνδοε
630 710 648 775 ὁ
678 711 873 794 φιλόςοφοε]
909 710 982 774 Νοιι
1016 710 1085 774 sine
1115 711 1262 794 gravibus
1290 710 1375 773 discre-

270 820 389 904 pantiis
418 824 547 884 exstant
574 821 653 884 haec
682 820 867 900 ὁμοιώματα
894 821 929 884 in
962 820 1100 885 Secundi
1128 820 1258 886 Gncmis
1288 843 1315 904 p.
1333 819 1377 882 nu

269 930 331 994 vol.
355 931 371 994 Ι
394 930 509 1013 Orell,
539 930 572 993 in
596 930 731 993 Antonii
759 931 907 994 Melissae
936 930 1035 996 Serm.
1060 931 1181 996 CXXII
1202 955 1233 1016 p.
1257 932 1322 1012 llll,
1340 931 1376 1010 38,

269 1041 303 1104 in
326 1040 527 1104 Bcissonadii
550 1040 673 1105 anecd.
696 1040 761 1124 lp.
783 1043 852 1119 117,
876 1063 1032 1125 nusquam
1053 1044 1163 1105 tamen
1179 1042 1296 1126 plenius
1308 1061 1378 1124 quarn

269 1151 303 1214 in
326 1151 444 1214 nostris
467 1150 770 1234 Apophthegmutis.

354 1262 395 1325 48
418 1262 674 1345 ευνεεθιόμενον]
697 1263 945 1341 ευνεετιῶμενον
968 1262 1047 1326 duce
1067 1261 1216 1326 Gudiano
1238 1261 1339 1340 codice,
1356 1259 1380 1322 in

270 1392 331 1455 quo
355 1376 403 1434 est
426 1373 682 1451 ευνεετιόμενον,
706 1392 779 1435 vere
803 1372 940 1436 conexit
962 1372 1100 1438 Orellius
1122 1396 1154 1456 p.
1177 1373 1256 1450 569.1

354 1483 395 1546 53
417 1483 554 1566 μοιχῶν]
577 1482 717 1562 μοιχεία(
739 1482 789 1545 vel
812 1489 963 1562 μοιχειῶν
987 1487 1161 1567 exspectes.

247 1597 258 1622 ⁸
354 1592 397 1657 54
476 1593 555 1657 ἔδει
576 1594 650 1672 γὰρ
672 1594 770 1671 ἡμᾶς
791 1599 843 1678 τῷ
866 1597 943 1675 θεῷ
966 1591 1092 1665 θύειν,
1114 1593 1212 1660 ὅταν

473 1705 569 1782 γυνὴ
594 1704 889 1782 κατομύττηται
911 1704 1038 1787 τάφῳ,
1063 1705 1133 1783 οὐχ
1157 1703 1251 1769 ὅταν
1271 1707 1365 1783 γαμῇ;

271 1812 389 1876 serrarii
412 1834 429 1876 e
453 1813 654 1876 comoedia
677 1813 790 1895 petiti,
812 1816 848 1875 ut
867 1812 1001 1876 videtur.
1039 1811 1149 1899 [εγαμῇ
1165 1813 1217 1894 R„
1241 1812 1316 1897 quod
1332 1831 1383 1894 pru

271 1922 340 1986 bari
363 1927 483 2006 potest,
507 1923 533 1985 si
556 1917 833 1986 auctorem'huius
856 1944 965 1987 versus
988 1923 1053 1986 tale
1075 1924 1151 2006 quid
1173 1923 1327 2007 scripsisse
1344 1941 1385 2004 pu·

271 2037 390 2096 tamus:
412 2038 546 2110 γυναῑκα
568 2035 742 2118 κατομύττῃ
764 2054 825 2110 τιε,
849 2034 910 2112 οὐχ
933 2034 1012 2100 ὅταν
1032 2041 1140 2118 γαμῇ.»
1170 2029 1355 2118 Menenius]

354 2143 396 2208 55
417 2147 551 2220 γυναῖκα
571 2145 647 2228 γὰρ]

472 2258 640 2330 γυναῖκα
662 2255 825 2320 θάπτειν
848 2255 1031 2333 κρεῖττόν
1055 2255 1157 2320 ἐετιν
1179 2257 1198 2333 ἢ
1220 2256 1356 2335 γαμεῑνι
1461 2259 1462 2270 ’

272 2365 445 2428 versiculus
469 2365 535 2427 sive
558 2363 784 2428 Clraeremonis
807 2364 893 2448 apud
915 2363 1004 2429 Stob.
1026 2363 1175 2447 vaffl,
1198 2364 1240 2428 22
1261 2364 1320 2428 sire
1337 2359 1385 2425 lle

272 2475 387 2538 narnlri
416 2474 504 2540 Sent.
534 2474 618 2558 sing.
650 2475 692 2539 95
721 2474 866 2558 (Brunck
895 2473 1010 2538 Gnom.
1042 2476 1127 2561 114).
1180 2477 1320 2559 [γυναῖκα
1340 2471 1385 2548 γὰρ
1460 2543 1461 2546 ,

272 2586 402 2650 θάπτειν
426 2584 584 2666 (ἄμεινον)
607 2586 626 2662 ἢ
648 2589 759 2664 γαμεῖν
784 2584 906 2667 placuit
921 2584 1083 2649 Meinekio
1098 2607 1130 2668 p.
1146 2585 1190 2662 L,
1212 2584 1264 2669 qui
1285 2578 1385 2646 dePhi·
1460 2605 1461 2632 ι

272 2696 395 2759 lemene
418 2694 574 2778 cogitavit
595 2694 630 2757 in
653 2694 757 2756 locum
781 2693 1007 2759 Chaeremonis
1031 2694 1160 2780 (Nauck
1182 2694 1277 2779 Trag.
1295 2713 1337 2777 gr.
1355 2689 1384 2752 fr.

271 2829 302 2889 p.
320 2805 395 2891 613)
417 2805 639 2867 substituendo
653 2802 740 2868 Cum.
759 2826 807 2889 gr.
824 2804 865 2868 fr.
881 2804 928 2869 IV
944 2828 976 2890 p.
993 2806 1079 2890 690.]
1113 2803 1175 2869 sed
1197 2804 1286 2888 plura
1311 2800 1385 2864 eliam

272 2916 305 2979 in
337 2916 386 2978 his
424 2916 570 2978 turbata:
614 2914 677 2978 alio
714 2915 800 2978 enim
832 2915 998 2999 pertinent
1029 2915 1269 2996 τυραννικὸν
1301 2907 1385 2978 τοῦτ’

272 3027 368 3103 ἐετὶ,
392 3025 519 3089 initium
541 3028 578 3088 ut
599 3025 724 3089 videtur
747 3025 881 3104 senarii,
906 3025 994 3090 cuius
1016 3025 1137 3109 reliqua
1160 3024 1343 3089 exciderunt.
1459 3055 1460 3088 ι

355 3135 397 3199 56
427 3138 506 3215 γυνὴ
540 3135 672 3220 θηρίων]
704 3135 824 3199 Versus
857 3136 936 3199 item
969 3134 1177 3199 Menandrius
1210 3135 1272 3199 248
1299 3130 1384 3204 Mein..

275 3244 333 3308 127
357 3245 514 3309 Brunck.:

474 3361 609 3435 θηρῶν
632 3355 818 3421 ἁπάντων
842 3354 1065 3436 ἀγριωτέρα
1086 3355 1199 3434 χυνήε

242 3531 249 3546 ,
273 3465 326 3550 qui
349 3470 457 3528 tanren
480 3486 540 3528 nec
563 3464 735 3528 Menandri
756 3486 816 3528 nec
839 3465 1028 3548 antiquioris
1050 3468 1162 3548 poetae
1182 3485 1250 3528 esse
1271 3463 1365 3546 potest.

356 3577 396 3639 51
474 3578 654 3655 κρεῑεεον
684 3576 757 3655 γάρ
781 3576 885 3641 ἐετιν
914 3575 969 3641 εἰ(
998 3581 1072 3655 πῡρ
1100 3577 1119 3655 ἣ
1148 3575 1201 3640 εἰ(
1224 3574 1384 3650 ὕδωρπῑ·
1457 3563 1458 3651 l

677 3689 773 3750 teir:
949 3691 953 3698 '

272 3818 379 3860 rursus
403 3795 520 3859 senarii
543 3795 679 3880 vestigia
701 3794 891 3878 nianifesta,
919 3795 1083 3866 modopelc
1105 3799 1171 3875 πῡρ
1198 3795 1278 3860 ἐετιν
1303 3793 1383 3853 mns-

272 3907 428 3990 posueris3
451 3905 505 3966 sed
528 3909 711 3990 repugnant
734 3905 888 3990 proxima.

356 4016 398 4080 59
425 4015 629 4099 Ἀντιφάνηε]
657 4016 769 4078 Eidem
799 4015 909 4079 eadem
938 4014 1121 4078 tribuuntur
1149 4014 1183 4080 in
1213 4003 1381 4078 Boissonulii

274 4126 395 4188 Anecd.
421 4126 489 4208 lp.
516 4126 586 4188 125.
637 4124 848 4189 Numerorum
875 4125 998 4190 nullum
1025 4126 1060 4189 in
1086 4127 1137 4190 his
1164 4123 1335 4208 vestigium:
1356 4127 1381 4174 ut

273 4236 312 4296 (le
334 4235 463 4298 nornine
486 4257 605 4320 magna
628 4235 785 4298 dubitatio
807 4235 939 4301 oriatur.
986 4234 1157 4322 [Ἀντιφῶν
1180 4230 1305 4300 coniecit
1324 4221 1383 4289 Mei·

274 4344 410 4432 nclrius]
