2976 5140
448 405 495 451 ou
519 405 589 453 ono
614 407 657 452 ar
680 405 822 452 oaross.
1143 391 1205 452 645

825 534 830 548 Ι

80 559 246 622 consentiat
279 559 409 642 potius?
458 559 518 640 Vt,
555 583 618 643 quo
647 560 776 622 valeant
811 561 933 622 (lsanui
965 562 1077 623 verba:
1115 583 1205 640 partae

79 672 237 747 Stephanus
258 679 414 749 utriusque
437 679 647 749 prammaa'ce',
681 675 853 734 Heracliani
884 683 913 733 ct
940 675 1020 734 Hori
1044 679 1206 735 sentencias

78 785 237 858 expendere
268 787 410 845 audeatur
429 803 523 860 caper
543 789 714 861 scripturae
736 789 884 846 numerale
904 779 966 844 τοῦ
987 783 1123 844 Δωτίου
1146 803 1205 845 πο-

79 889 161 969 δίου,
192 913 257 955 non
279 915 356 956 sane
385 892 585 976 perspiciam.
637 891 770 956 Possum
799 891 859 955 boc
887 893 1014 976 lougius
1042 893 1204 975 persequi:

78 1001 125 1064 sed
152 1004 232 1066 malo
260 1003 494 1086 disputatorum
522 1025 677 1066 summam
711 1004 821 1086 paucis
847 985 1136 1087 comprehendere,
1170 1005 1205 1066 ut

79 1114 202 1194 primum
224 1113 324 1196 ipsius
348 1114 404 1176 Ori
427 1113 524 1176 verba
547 1137 565 1176 a
588 1113 753 1196 Stephano
775 1115 910 1196 proferri
933 1113 1013 1176 haec
1035 1113 1204 1176 decernam

79 1225 121 1286 καὶ
145 1226 182 1288 τὰ
208 1227 281 1304 περὶ
303 1225 446 1305 θάμυριν
475 1225 514 1288 acl
538 1227 771 1304 serapionem,
803 1228 836 1286 ct
863 1225 903 1288 οὐ
929 1227 992 1304 γὰρ
1014 1261 1056 1272 ψ-
1077 1262 1119 1272 -
1141 1227 1205 1303 πρὸ

78 1337 125 1410 τῆ(
150 1335 277 1414 Λιβύης,
308 1333 463 1418 Stephani
492 1337 598 1398 alitem
630 1357 698 1397 esse
726 1337 758 1397 et
786 1334 890 1398 media
921 1338 953 1397 et
981 1339 1141 1418 postrema
1164 1335 1205 1396 ab

78 1443 155 1520 iacit
182 1467 217 1520 γε
246 1447 442 1526 προῦθεμεν;
482 1446 597 1509 deinde
624 1469 662 1508 ex
694 1449 880 1509 conservato
902 1445 1047 1510 ‘liciotoc
1076 1446 1205 1508 nomino

79 1553 121 1615 bis
141 1562 300 1638 repertum
323 1556 422 1619 fuisse
444 1557 476 1620 in
501 1558 568 1620 eius
591 1561 706 1640 poetae
735 1557 928 1620 camriuibus
957 1555 1034 1619 illud
1063 1555 1205 1618 hemisti-

78 1663 171 1728 chium
199 1665 339 1730 esfieiam
368 1668 509 1751 Δωτίῳ
539 1669 579 1732 ἐν
608 1669 738 1754 πεδίῳ.
788 1667 900 1750 Neque
928 1666 1013 1728 onim
1041 1665 1205 1728 inauditae

77 1775 150 1857 apud
164 1778 410 1860 grammaticum
427 1779 628 1843 collocationi
645 1779 812 1842 verborum
828 1777 1041 1861 patrocinium
1057 1775 1204 1839 advocari

78 1905 109 1946 er
129 1885 245 1970 hymno
269 1887 440 1952 Homerico
462 1893 579 1973 potest.
620 1887 713 1976 [Vide
736 1911 821 1952 nunc
843 1887 1038 1952 Meinekium
1066 1909 1097 1970 p.
1118 1885 1203 1974 258.]

586 2089 606 2164 a
628 2085 680 2150 u.

152 2219 177 2280 l.
211 2218 384 2282 [ratissima
407 2219 460 2282 ille
483 2219 571 2284 locus
594 2222 708 2304 patuit,
733 2243 825 2304 quern
849 2223 936 2300 περὶ
959 2226 1096 2286 παθῶν
1120 2223 1205 2283 vete-

76 2347 117 2388 res
130 2329 332 2410 grammatici
349 2329 508 2410 dixenmt,
532 2330 639 2394 dedita
662 2335 768 2394 alitem
791 2353 888 2414 opera
909 2335 985 2394 ante
1001 2331 1100 2394 (irum
1116 2330 1205 2393 Mile-

76 2435 145 2500 sium
162 2439 331 2502 clarissimi
349 2439 427 2502 artis
443 2443 588 2504 auctores
611 2441 767 2524 persecuti
784 2444 859 2504 sunt
875 2440 1039 2524 Didymus,
1063 2439 1203 2524 Trypho,
1224 2449 1255 2497 ol

76 2545 256 2628 Apollonius
271 2549 442 2632 Dyscolus,
467 2549 684 2615 Herodianus:
708 2551 821 2635 quibus
845 2551 930 2614 inira
953 2551 1083 2614 accedet
1099 2550 1205 2613 Philo-

74 2675 172 2721 xenus.
204 2659 372 2742 Apollonii
396 2661 542 2744 quintum
565 2664 637 2741 περὶ
659 2667 773 2727 παθῶν
797 2661 914 2724 librum
930 2661 1111 2745 Stephanus
1128 2660 1205 2724 cita-

75 2765 115 2827 rit
135 2789 162 2832 ν.
187 2769 302 2849 Καρία;
340 2769 517 2834 Herodiani
547 2777 653 2834 autem
681 2772 783 2856 qualis
812 2793 909 2854 opera
932 2771 1043 2853 fuerit,
1075 2793 1144 2834 cum
1168 2793 1206 2834 ex

75 2873 169 2959 atym.
194 2879 239 2943 M.
266 2903 298 2963 p.
326 2881 396 2962 143,
420 2882 440 2944 3
463 2883 678 2966 intellegitur,
709 2882 763 2944 nbi
793 2885 841 2945 est
862 2883 1059 2961 Ἡρωδιανὸ(
1082 2881 1126 2946 εἰ(
1147 2885 1205 2960 τὴν

75 2985 288 3056 Ἀπολλωνίου
311 2991 487 3070 εἰεαγωγὴν
510 2993 528 3070 ἢ
552 2996 623 3072 περὶ
646 3001 770 3070 παθῶν,
793 2997 860 3055 tum
884 3015 901 3055 e
924 2991 1058 3054 Venetis
1080 2991 1114 3054 in
1141 2991 1205 3054 Ho-

74 3107 183 3162 memm
212 3099 362 3182 scholiis,
391 3123 524 3186 quorum
553 3101 593 3164 ad
621 3103 659 3165 ll.
685 3106 704 3166 Γ
727 3103 790 3167 272
818 3103 915 3166 verba
943 3103 1140 3181 Ἡρωδιανὸς
1169 3104 1205 3167 ἐν

73 3211 113 3288 τῷ
139 3209 166 3288 β’
197 3213 354 3289 ποιήματι’
382 3219 427 3296 τῷ
461 3215 532 3291 περὶ
560 3217 672 3278 παθῶν
702 3214 849 3292 Διούμου
882 3212 934 3274 vix
974 3215 1023 3275 est
1050 3211 1132 3296 quod
1160 3212 1206 3274 sio

74 3319 275 3384 emaculanda
304 3343 466 3386 moneam:
503 3325 547 3386 Ἡ.
571 3323 607 3387 ἐν
629 3329 675 3406 τῷ
699 3320 726 3402 β’
748 3323 948 3402 ὑπομνήματι
969 3327 1028 3387 τοῦ
1056 3345 1087 3386 π.
1111 3345 1142 3386 π.
1166 3325 1206 3386 Δ.

75 3423 117 3490 [li.
140 3427 242 3494 Bastii
273 3430 395 3495 comm.
419 3433 581 3516 palaeogr.
605 3455 637 3516 p.
662 3434 734 3497 933.
780 3433 841 3498 Sed
864 3434 914 3496 his
944 3433 1018 3495 uolo
1041 3455 1127 3495 nunc
1149 3432 1205 3494 im-

73 3540 190 3602 morari.
236 3539 307 3604 Nec
334 3563 409 3604 voro
436 3543 486 3606 vel
510 3542 695 3606 Herodiano
722 3543 771 3606 vel
795 3545 859 3606 Oro
887 3543 1013 3606 videtur
1035 3565 1105 3606 cum
1129 3541 1206 3626 Try-

71 3643 178 3726 phonis
202 3655 272 3713 arte
297 3653 499 3736 convenisse,
524 3675 561 3716 ex
585 3677 647 3737 qua
669 3654 728 3717 toti
752 3655 988 3736 pependerunt,
1020 3654 1072 3737 qui
1097 3653 1206 3716 infima

71 3761 169 3822 aetate
190 3760 276 3824 idem
300 3763 398 3844 caput
417 3765 671 3846 pertractarunt,
702 3762 955 3846 ‘Moschopnlus’
977 3787 996 3826 a
1019 3763 1123 3828 Titaio
1140 3763 1205 3826 edi-

70 3867 116 3928 tus
137 3891 168 3950 p,
184 3871 227 3933 27
251 3893 320 3954 sqq.
345 3875 377 3934 et
399 3895 430 3956 p.
454 3875 506 3956 58,
531 3875 760 3956 grammaticus
782 3873 947 3936 Parisinus
971 3875 1127 3958 Gregorio
1149 3875 1205 3937 Co

70 3975 183 4041 rinthio
206 3981 368 4044 subiectus
397 4005 429 4066 p.
453 3983 516 4048 675
538 4007 619 4067 sqq,
654 4007 692 4046 ex
716 3984 856 4067 antiquis
880 3989 986 4048 autem
1010 3988 1045 4047 nt
1067 3983 1205 4046 arbitror

70 4083 168 4150 Draco
190 4091 443 4180 Stratonicensis
466 4115 497 4176 p.
518 4095 588 4158 155.
620 4093 751 4156 Frustra
774 4095 859 4158 euim
882 4095 915 4157 in
932 4094 989 4157 (lri
1011 4093 1205 4177 fragmentis

70 4193 151 4260 illam
173 4201 412 4266 commentandi
428 4203 640 4267 subtilitatem
662 4226 806 4288 quaeras,
831 4227 904 4288 qua,
928 4203 1078 4288 quidquid
1101 4207 1206 4266 muta-

69 4305 186 4372 tionum
209 4309 357 4394 singulae
379 4312 506 4376 litterae
529 4335 568 4377 ac
590 4314 731 4396 syllabae
755 4315 936 4396 patiuntur,
967 4312 1007 4376 ad
1030 4335 1087 4376 sua
1110 4313 1205 4397 quod-

68 4435 123 4498 que
155 4439 277 4502 genera
311 4425 477 4506 certasque
516 4445 670 4508 generum
701 4424 820 4488 formas
853 4423 989 4508 singulis
1023 4425 1206 4488 nominibus
