2942 5134
279 292 341 359 368
635 311 681 358 ou
705 311 876 359 lusorium
900 311 1067 360 vuusruvs

278 468 344 526 τοῑε
373 464 594 542 πολιεεούχοιε
622 467 707 527 θεοῑε
740 467 772 526 et
805 464 874 546 ipso
905 465 1049 546 proximo
1077 485 1168 526 versu
1197 465 1294 528 ἑετὶαι
1326 470 1411 529 θεῶν

279 573 499 636 molestissime
529 573 677 635 iteratum
706 578 821 638 Θεοῑειν
850 595 950 656 aequo
977 574 1084 636 animo
1111 572 1217 636 ferat?
1258 573 1298 636 In
1324 576 1411 636 cuius

278 683 381 744 locum
414 683 441 745 si
474 704 545 745 cum
579 681 777 745 Blomfieldio
810 687 904 747 πᾶειν
938 683 1110 746 substituas
1147 705 1257 766 parum
1289 705 1346 766 per
1381 709 1412 746 se

278 792 446 874 plausibile
469 814 488 854 a
511 792 729 855 concinnitate
752 792 947 872 sententiae,
972 793 1073 855 atita
1096 793 1149 876 qui
1172 793 1316 874 tandem,
1342 816 1412 856 cum

278 903 422 984 profecto
441 905 610 981 ευνώνυμα
633 924 697 964 uon
713 902 778 964 sint
801 905 1016 982 μηλοεφαγεῑν
1033 905 1066 965 et
1087 908 1329 986 ταυροκτονεῑν,
1354 903 1413 966 hoc

279 1012 418 1094 potuisse
454 1013 523 1074 sirie
557 1011 669 1094 copula
708 1011 789 1074 aclici
827 1011 1013 1075 credamus?
1053 1013 1240 1094 praesertim
1272 1036 1343 1076 cum
1382 1016 1413 1075 in

279 1126 427 1204 promptu
461 1125 543 1183 esset
577 1124 625 1185 καὶ
656 1127 890 1201 βουθυτούνταε
919 1122 1039 1202 dicere,
1074 1121 1105 1184 id
1139 1122 1222 1205 quod
1252 1124 1414 1186 commode

278 1253 380 1312 nuper
401 1230 558 1293 Itobertus
580 1230 727 1314 Erigerus
750 1231 914 1294 admonuit
937 1231 1055 1294 Annal.
1079 1231 1157 1314 phil.
1182 1236 1215 1294 et
1235 1233 1324 1314 paed.
1350 1235 1413 1296 col.

277 1339 396 1403 LXXV
409 1341 452 1424 (a.
464 1341 558 1424 1857)
572 1363 602 1422 p.
616 1342 668 1403 48.
696 1341 808 1423 Itaque
824 1341 948 1422 utrique
963 1340 1210 1404 incommodent
1224 1363 1413 1410 occurrerer,

278 1430 578 1530 ταυροκτονοῦντύιε
602 1453 635 1514 τέ
664 1473 738 1531 (φιν
767 1449 913 1513 Prienius
936 1450 1195 1530 commendabat,
1227 1451 1265 1512 ob
1293 1450 1325 1512 id
1349 1453 1414 1513 lau-

279 1561 371 1622 datus
404 1583 422 1622 a
457 1559 614 1623 liudovico
652 1559 806 1623 Sclrillero
843 1560 877 1622 in
913 1559 1032 1623 Diariis
1068 1559 1313 1623 Monacensibus
1352 1564 1414 1624 sol.

279 1669 418 1732 XXXIX
440 1693 472 1752 p.
496 1671 552 1733 27:
582 1692 646 1732 non
669 1669 848 1732 mehercule
871 1670 1050 1732 sententiae
1076 1669 1242 1753 quicquam
1265 1670 1313 1732 vel
1336 1693 1417 1752 pon-

279 1780 361 1841 deris
377 1780 426 1842 vel
442 1780 566 1861 gratiae
582 1779 701 1841 addens
718 1779 842 1862 addito,
866 1801 928 1862 quo
949 1779 1101 1842 facillime
1117 1801 1269 1858 caremus,
1294 1779 1414 1842 dativo.

279 1888 324 1952 Vt
346 1889 429 1950 haud
452 1887 559 1970 paullo
582 1889 745 1951 venustius
753 1939 761 1969 ,
787 1890 839 1971 qui
862 1887 1014 1951 hariolari
1036 1889 1146 1970 vellet,
1179 1889 1316 1971 potuerit
1339 1913 1416 1954 ταυ-

279 2000 516 2078 ροκτονούντάε
538 2001 570 2062 τ’
593 1999 737 2075 ἀιμέναιε
754 2000 926 2078 ἐπεύχομαι
942 2000 1045 2076 θήεειν
1061 2002 1122 2062 κτλ.
1140 2000 1292 2062 conicere.
1330 1999 1417 2063 Num

279 2107 472 2172 Bothianum
501 2107 626 2190 quidem
654 2111 951 2186 ταυροκτονοῦντάε
979 2111 1022 2186 θ’,
1053 2110 1132 2173 οἰειν
1157 2109 1220 2173 ὧδ’
1242 2111 1418 2188 ἐπεύχομαι

278 2241 318 2282 ne
342 2218 487 2301 intellegi
514 2217 640 2300 quidem
664 2221 769 2299 potest
790 2240 850 2281 nee
872 2240 987 2302 graece
1009 2219 1167 2302 loquentis
1194 2221 1418 2302 potiusquam

278 2328 499 2392 balbuttientis
532 2331 589 2389 est.
635 2326 754 2388 Verum
782 2329 877 2391 tertio
909 2329 1041 2392 offensio
1075 2328 1153 2392 haec
1183 2329 1305 2392 accedit
1331 2333 1418 2413 quod

278 2440 418 2521 omnino,
448 2438 500 2521 qui
529 2437 645 2500 omissa
673 2459 828 2518 personae
857 2438 1093 2521 significatione
1119 2445 1418 2517 ταυροκτονοῦνται

278 2550 451 2627 ἐπεύχομαι
468 2550 571 2626 θὴεειν
595 2546 657 2609 diei
681 2547 837 2628 potuerit,
862 2569 926 2609 non
949 2548 1154 2630 perspicitur:
1178 2548 1209 2610 id
1233 2549 1315 2630 quod
1339 2572 1418 2612 sane

278 2659 374 2721 etium
403 2657 440 2719 ad
470 2658 675 2734 ulpdccovruc
703 2656 907 2738 participium
935 2657 1084 2739 pertinet.
1129 2656 1197 2719 Nec
1221 2657 1305 2720 enim
1327 2660 1419 2721 scho-

277 2769 372 2831 liasta
395 2767 555 2830 Mediceus
583 2767 769 2828 morandus:
799 2766 851 2848 qui
876 2789 945 2828 cum
976 2768 1074 2832 λείπει
1096 2768 1193 2844 ἡμᾶε,
1221 2768 1301 2845 ἡμᾶς
1325 2769 1417 2832 ἐπεύ-

277 2901 370 2960 χομαι
400 2877 580 2958 adnotarit,
616 2899 680 2940 non
713 2876 794 2958 quod
826 2877 916 2938 abest
947 2879 1089 2958 tantum,
1124 2876 1178 2938 sed
1212 2877 1295 2960 quod
1329 2878 1418 2940 deest

277 2991 367 3052 (lixit.
414 2987 534 3049 Rursus
564 2986 662 3069 igitur
688 2989 816 3068 praesto
843 3007 910 3048 esse
934 2985 1134 3070 Hartungius
1158 2987 1418 3070 confidenterque

276 3101 573 3178 ταυροκτονοῦντας
602 3099 634 3159 Θ’
663 3096 741 3173 ἧμαι
772 3096 832 3159 ὧδ’
856 3096 928 3179 (sie)
958 3117 1127 3177 reponere,
1157 3095 1262 3159 forma
1291 3098 1417 3160 invectu

277 3209 406 3272 minime
430 3204 617 3288 Aesclrylia,
646 3206 794 3287 neglecta
823 3209 928 3267 aulem
952 3206 1078 3267 virtutis
1100 3205 1247 3288 poeticae
1270 3206 1418 3269 aestima-

276 3312 379 3392 tione,
409 3311 493 3373 undc
522 3319 668 3397 qumturn
699 3319 921 3398 argument-um
952 3315 1099 3396 petimus.
1151 3315 1292 3379 Omnino
1321 3317 1415 3378 enim.

276 3421 302 3483 si
331 3445 396 3484 nou
426 3428 532 3486 essent
559 3425 699 3506 reliquae
727 3425 917 3487 ostensiones
941 3446 1066 3507 omnes,
1095 3427 1162 3487 tam
1191 3426 1320 3488 exiliter
1347 3425 1416 3486 suls

277 3533 393 3594 lectum
416 3535 710 3612 τααροκτονούντάε
734 3557 767 3599 τε
790 3535 840 3596 vel
863 3535 960 3596 etiam
983 3538 1031 3598 καὶ
1058 3539 1295 3614 βουθυτούντα(
1319 3556 1415 3614 negu-

276 3661 379 3703 rcmus
403 3643 443 3704 ab
460 3643 619 3726 Aeschylo
642 3647 818 3725 profectum
837 3666 915 3706 esse.
961 3644 1061 3707 Recte
1083 3665 1117 3706 se
1139 3643 1323 3707 habiturum
1348 3657 1413 3705 emt

276 3755 561 3831 μηλοεφαγοῡνταε
595 3756 890 3831 ταοροκτονούντάε
928 3777 976 3819 re:
1013 3755 1090 3817 item
1126 3759 1213 3818 recte
1250 3755 1414 3836 aliquanto

276 3862 435 3923 ornatiore
459 3862 584 3924 dicendi
608 3864 711 3944 specie
740 3867 848 3942 μήλοιε
878 3867 1006 3942 ταύροιτ
1028 3868 1061 3928 θ’
1083 3866 1289 3942 αἱμάττονταε
1311 3863 1412 3925 terior

276 3976 359 4036 θεῶν
392 3972 441 4034 vel
476 3973 558 4053 (prod
592 3973 701 4035 eodem
739 3974 822 4036 redit
854 3961 975 4052 μήλοιεί
1002 3979 1033 4036 θ’
1066 3975 1271 4050 αἱμάεεονταε
1310 3971 1409 4035 {crios

276 4087 359 4144 θεῶν
388 4084 527 4159 ταύροιεί
554 4103 601 4146 rc:
630 4085 765 4145 fortasse
794 4084 891 4145 etiam
917 4086 1203 4163 μηλοεφαγούνταε
1227 4084 1355 4160 ταύροι(
1378 4080 1410 4138 θ’

275 4191 481 4268 αἱμάττονταε
511 4193 722 4257 ἑετίαε·θεών
752 4193 799 4254 vel
829 4198 1125 4273 ταυροκτονοῦνταε
1153 4196 1258 4273 μήλοις
1285 4193 1317 4253 θ’
1346 4186 1399 4261 aiu

276 4300 299 4364 ἑ.
322 4306 347 4362 e.
372 4302 544 4364 condonari
567 4302 686 4387 potuit,
712 4323 900 4385 ‹puunquam
923 4301 982 4366 lroc
1004 4321 1070 4366 non
1093 4303 1185 4365 valde
1205 4303 1321 4386 placet:
1350 4291 1404 4354 sed
