2976 5140
448 364 588 412 naono
611 365 656 412 nn
679 365 820 414 emona.
1141 349 1203 412 623

85 517 119 578 ab
139 517 197 580 Oro
222 517 359 600 exceptis
387 517 591 600 eiusdemque
619 518 768 581 acumine
796 517 952 600 expeditis
981 517 1202 600 communique

85 625 177 688 libello
198 627 408 710 consignatis:
446 628 564 710 quippe
592 627 628 694 ἐν
656 633 701 712 τῷ
730 628 866 712 μουεείῳ
889 634 935 712 τῷ
958 629 1036 692 κατὰ
1059 629 1202 694 Ἀλεξάν-

85 741 178 814 λρειαν
198 735 294 816 νόμοε
316 737 356 818 ἠν
379 739 613 818 προβάλλεεθοι
628 739 748 816 Ζήτημα
763 739 813 803 καὶ
828 741 885 802 τάε
905 739 1077 817 γινομέναε
1099 739 1202 802 λύεειε

84 845 318 930 ἀναγράφεεθοι,
343 851 379 910 ut
401 846 570 931 Porphyrii
593 847 699 911 verbis
723 851 796 911 utar
818 849 852 911 in
875 846 980 912 Schol.
1011 846 1105 912 Hom.
1130 847 1168 912 Il.
1194 850 1201 912 Ι

83 955 148 1018 688ε
180 959 285 1021 umen
313 957 354 1020 ab
383 979 420 1021 ea
447 957 598 1040 opinione
626 979 775 1021 revocare
808 981 859 1021 me
892 957 1071 1021 debuerunt
1103 956 1203 1040 ipsius

83 1065 247 1130 testimonia
268 1067 455 1150 Herodiani,
480 1090 553 1131 suos
577 1068 820 1130 commentarios
842 1069 1009 1149 προτάεειε
1031 1067 1202 1150 inscriptos

82 1177 195 1240 citantis
215 1178 249 1241 in
271 1179 436 1264 προεῳδίᾳ
457 1179 605 1262 Ὁμηρικῇ
629 1178 669 1240 ad
692 1177 801 1242 Iliadis
829 1181 858 1242 Ψ
881 1179 945 1242 604
971 1183 1003 1241 et
1024 1179 1051 1243 Ω
1079 1177 1140 1243 657
1164 1178 1202 1241 de

82 1289 157 1366 νεολη
177 1291 207 1350 et
228 1292 392 1368 ποεεῆμιιρ
415 1288 537 1370 formiS,
561 1310 696 1372 quarum
720 1289 853 1352 aiteram
877 1288 945 1372 ipse
961 1288 1039 1352 dicit
1061 1289 1203 1369 ἀπορου-

80 1398 172 1476 μένην.
215 1397 306 1473 Quod
336 1397 421 1462 enim
451 1399 556 1482 priore
584 1399 653 1461 loco
684 1399 719 1464 ἐν
747 1406 793 1485 τῷ
816 1406 998 1484 προτοτικῷ
1021 1403 1148 1478 Ζητῇεοιι
1170 1420 1203 1462 se

82 1508 129 1590 ait,
151 1529 184 1570 eo
204 1509 333 1572 nomine
350 1509 602 1572 commodissime
621 1508 865 1593 significabatur
887 1509 1013 1573 libellus
1035 1511 1202 1590 προτάεειε

80 1616 251 1702 inscriptus:
275 1619 358 1702 quod
381 1619 509 1703 quidem
532 1641 646 1683 moneo
668 1623 799 1702 propter
822 1618 959 1684 Bekkeri
981 1622 1105 1700 διπλῆν.

582 1819 602 1896 s
625 1815 677 1878 20.

149 1947 242 2014 Vides
265 1971 305 2014 ex
328 1951 384 2032 eia,
409 1973 490 2034 quae
514 1949 618 2014 adhuc
635 1950 838 2032 contulimus,
863 1951 1008 2015 Oricum
1025 1949 1201 2016 Herodiani

79 2057 220 2125 industria
242 2061 304 2126 λιοο
325 2060 393 2124 fere
415 2060 543 2124 vinculo
566 2061 709 2124 iunctam
733 2083 817 2144 esse,
852 2064 888 2124 ut·
915 2061 954 2124 de
982 2063 1095 2146 quibus
1119 2084 1201 2126 eoni-

77 2173 222 2234 mentatus
244 2171 299 2235 hio
321 2173 420 2252 esset,
456 2171 566 2234 eadem
594 2171 698 2234 denuo
726 2170 896 2234 tractanda
925 2175 957 2234 et
984 2173 1202 2256 percensenda

77 2277 128 2340 sibi
149 2279 228 2345 Orus
250 2285 401 2344 sumeret.
432 2281 522 2355 Quod
545 2285 698 2344 testatum
720 2280 874 2344 habemns
897 2280 935 2344 de
957 2281 1202 2366 orthograpiiia3

75 2387 139 2452 item
167 2391 204 2456 de
232 2392 392 2456 encliticis
421 2395 572 2474 excerpta
599 2390 796 2454 Herodiania
825 2392 899 2455 inde
930 2392 971 2454 ob
1000 2392 1083 2456 Aldu
1116 2393 1202 2456 edita

75 2504 153 2582 suut3
174 2505 245 2584 περὶ
267 2505 384 2567 παθῶν
408 2501 547 2565 eiusdem
572 2501 792 2566 commentarii
815 2503 850 2565 in
871 2503 986 2587 vulgus
1008 2503 1091 2584 noti3
1115 2503 1202 2566 deni-

75 2629 126 2690 que
151 2611 326 2676 Herodiani
358 2615 429 2693 περὶ
456 2613 618 2692 διχρόνων
640 2613 825 2696 fragmenta
847 2613 1003 2696 quaedam
1026 2617 1098 2696 post
1121 2613 1201 2677 Bek-

75 2717 172 2786 terum
193 2723 318 2788 Aneed.
340 2721 388 2786 ΙΙΙ
409 2745 440 2806 p.
463 2723 544 2787 1438
566 2723 604 2786 G.
624 2721 806 2786 Dindorfius
827 2723 961 2806 protulit
985 2723 1127 2788 Gramm.
1150 2747 1199 2808 gr.

75 2832 126 2894 νολ.
149 2833 162 2896 Ι
183 2835 285 2918 praef.
311 2856 342 2916 p.
367 2831 440 2896 VII.
465 2832 597 2918 xl11*);
631 2833 769 2916 iamque
797 2831 894 2896 indici
918 2834 1201 2918 grammaticorum

74 2941 272 3026 (nisiiniano,
297 2943 332 3007 in
355 2965 417 3026 quo
439 2945 511 3024 περὶ
533 2944 693 3024 διχρόνων
716 2945 881 3028 scripsisse
904 2943 987 3008 Orus
1009 2945 1148 3008 traditur
1170 2948 1202 3008 et

72 3049 175 3116 itemm
197 3054 299 3135 Orus,
323 3053 420 3116 semel
443 3053 675 3117 restituendum
697 3055 895 3134 ‘i-tpwbiuvtic
917 3053 1051 3118 videtur.

146 3163 206 3228 Sed
228 3187 271 3228 ne
295 3163 429 3252 eandem
455 3163 489 3227 in
512 3167 636 3248 partem
659 3165 740 3228 alius
762 3165 808 3228 rei
831 3165 994 3229 onustam
1016 3166 1201 3229 memorium

73 3275 176 3358 tortae,
201 3274 380 3339 cavendum
403 3274 464 3338 hao
480 3277 540 3358 est,
564 3297 660 3359 quam
675 3275 909 3360 subiungimus,
934 3276 972 3340 de
988 3277 1033 3340 eis
1048 3277 1201 3340 librorum

72 3379 226 3449 indicibus·
243 3385 442 3469 quaestione,
467 3386 520 3470 qui
544 3385 582 3448 ad
600 3387 699 3450 Orum
720 3395 883 3450 auctorem
904 3387 987 3450 falso
1009 3388 1199 3451 referantur.

72 3487 112 3554 De
137 3500 243 3574 κρεῖον
276 3497 380 3560 forma
414 3497 460 3560 sio
494 3495 633 3560 traditur
666 3497 699 3560 in
728 3496 836 3580 Etym.
867 3496 949 3560 Gud.
979 3520 1011 3580 p.
1034 3497 1114 3579 344,
1146 3497 1200 3560 12:

71 3603 146 3679 λέγει
172 3605 190 3670 ὁ
221 3605 341 3686 Ὠροε
366 3607 410 3672 ἐν
445 3613 487 3692 τῇ
517 3609 652 3691 Ἰλιακῇ
687 3608 906 3692 προεῳδίᾳ,
940 3607 989 3672 ὅτι
1021 3609 1060 3672 τὸ
1092 3611 1199 3686 κρεῖον
1219 3621 1251 3668 aa
1310 3669 1317 3680 ,

70 3710 173 3788 ὅμοιόν
195 3717 260 3781 ten
283 3723 329 3801 τῷ
352 3720 449 3781 θεῖον.
493 3715 581 3780 Nihil
605 3717 691 3780 enim
714 3739 890 3799 moramur,
914 3717 997 3801 quod
1019 3717 1054 3780 in
1077 3716 1130 3780 Et.
1155 3715 1199 3779 M.

70 3841 97 3902 p.
117 3825 193 3908 536,
217 3827 261 3891 55
294 3827 450 3909 seriptum
479 3831 527 3890 est
553 3829 589 3893 ἐν
611 3835 649 3914 τῇ
679 3830 819 3913 Ἰλιαοικῇ
849 3829 1018 3913 προεόδῳ,
1051 3828 1085 3890 in
1114 3826 1200 3890 Hav-

70 3933 164 3998 niensi
186 3959 218 4020 p.
243 3936 307 4000 932
329 3935 407 4000 adeo
430 3939 466 4004 ἐν
488 3943 525 4024 τῇ
554 3939 681 4022 Ἰταλικῇ
709 3940 886 4024 προεῳδίᾳε
923 3938 962 4001 de
991 3938 1106 4021 quibus
1135 3959 1200 4000 our·

70 4105 264 4118 Ἢ

129 4205 152 4268 *i
172 4208 328 4276 [Integrnm
345 4207 468 4262 libellum
486 4227 559 4262 nnnc
577 4226 672 4262 onmes
691 4209 816 4264 nouimus
835 4213 900 4278 post
918 4213 1077 4263 tirannorum
1096 4207 1199 4262 Ans-od.

68 4298 112 4348 ⁰1.
135 4301 155 4351 t.
179 4301 217 4352 111
242 4319 260 4353 a
281 4300 425 4356 Lehrsio
453 4302 558 4356 oditmn
582 4303 610 4356 in
633 4303 794 4358 ‘Herodiani
824 4303 933 4372 scriptis
956 4303 1044 4356 tribus
1072 4303 1201 4356 emenda-

68 4387 208 4460 tioribua’.]
