2976 5140
456 349 502 394 uu
526 347 596 395 eae
620 348 664 396 nr
687 347 828 396 eureus.
1151 329 1213 392 «545

84 526 146 570 νων
174 507 231 569 τοῦ
260 504 432 584 Ἠφαίςτου
462 505 629 584 κρατήρων
659 524 685 564 e.
710 525 740 584 q.
765 525 790 564 s.
820 500 859 564 dc
886 501 1049 578 Αἰθολίτης
1075 499 1212 564 Aiantei-

84 637 133 692 της
153 614 272 678 formis.
305 613 507 697 Omninoque
529 615 565 676 ut
587 613 691 677 dicam
713 610 796 694 quod
820 611 935 692 sentio,
959 608 1149 693 quidquid
1173 609 1212 672 in

83 723 365 807 Etymologieis
406 723 605 805 reperitur
642 721 687 786 ad
725 720 900 804 gentilia
944 721 1131 802 spectans
1169 739 1211 782 ac

82 833 360 918 geographica,
395 835 442 896 ab
475 833 552 898 Ore
584 836 739 896 tantum
772 853 848 894 non
879 851 990 896 omne
1020 831 1211 912 sumptum

83 941 215 1026 crede.*)
259 943 348 1018 Quod
373 965 444 1006 earn
467 941 527 1006 hoe
550 942 619 1006 leco
642 941 841 1025 significasse
864 939 943 1004 satis
966 939 1116 1021 habeam,
1144 941 1213 1002 tum

83 1053 232 1136 insignem
254 1053 320 1118 vim
342 1053 459 1116 habere
489 1055 578 1136 patet
601 1051 640 1115 ad
664 1052 720 1116 eri
743 1055 776 1114 et
797 1050 1030 1133 praestantiam
1053 1071 1211 1113 commen·
1230 1073 1261 1120 57

82 1163 209 1226 dandam
242 1167 275 1226 et
308 1163 464 1226 iacturam
502 1162 609 1246 aliqua
649 1165 733 1226 certe
768 1183 805 1224 ex
839 1163 931 1245 parte
964 1159 1209 1224 resarciendam.

82 1271 165 1336 Prius
191 1277 300 1336 autem
327 1296 422 1357 quam
456 1273 668 1336 demonstrari
692 1276 790 1356 'pesse
822 1271 904 1355 qued
933 1271 1024 1355 posui
1053 1270 1210 1353 desperes,

82 1383 247 1465 reputanda
264 1383 326 1446 duo
346 1387 437 1448 sunt:
460 1383 597 1467 primum
613 1405 677 1446 nen
701 1383 812 1466 paneis
834 1381 1053 1446 notationibus
1076 1402 1211 1466 geogra-

82 1491 183 1575 phicis,
211 1515 295 1578 quae
318 1494 387 1558 sine
411 1494 467 1558 Ori
496 1493 625 1558 nominc
653 1493 688 1558 iu
710 1491 1005 1576 Etpnelogicorum
1036 1514 1099 1555 uno
1128 1491 1213 1574 lege-

83 1603 197 1684 bantur,
222 1627 263 1668 ex
287 1605 389 1668 altero
411 1603 516 1688 aliquo
539 1605 605 1668 sive
628 1601 851 1686 Etymelegice
879 1601 945 1664 sive
969 1601 1076 1664 codice
1098 1623 1212 1685 oppor-

82 1715 149 1776 tune
170 1714 247 1778 illud
272 1715 458 1779 accessisse:
484 1715 573 1778 cuius
595 1713 642 1777 rei
664 1713 778 1778 idonea
801 1711 948 1796 exempla
970 1715 1067 1774 antea
1089 1712 1210 1777 notavi.

84 1821 193 1888 Deinde
221 1829 330 1888 autem
353 1825 430 1888 illud
454 1825 549 1888 velim
572 1825 675 1908 prius,
699 1823 725 1886 si
748 1822 841 1886 modo
863 1822 982 1906 pessis,
1007 1821 1210 1904 respondeas,
1257 1852 1265 1860 ·

82 1955 113 1995 er
133 1957 269 2018 quonam
292 1934 355 1998 alio
377 1935 482 2018 potius
507 1933 669 1998 Ethuieon
691 1933 846 2017 scriptore
869 1933 909 1996 ad
933 1933 1130 2016 etymologos
1159 1954 1212 2015 po-

82 2043 167 2108 tuisse
188 2045 282 2110 istius
304 2044 389 2108 medi
412 2044 594 2108 notationes
617 2065 749 2108 manare
772 2043 964 2108 videantur?
993 2041 1078 2106 Nam
1100 2065 1117 2106 e
1144 2044 1212 2106 ste-

81 2153 176 2237 phane
197 2155 327 2238 quidem
349 2159 524 2218 manarimt
538 2154 680 2218 minime.
711 2155 741 2217 A
757 2176 820 2237 que
843 2175 915 2216 eum
930 2152 1135 2216 vehementer
1150 2153 1212 2216 dis·

82 2270 180 2347 erepat
194 2265 336 2330 maxima
358 2287 433 2349 pars
453 2264 495 2328 ab
518 2265 706 2348 etymologis
729 2263 941 2348 proditorum,
965 2265 1034 2326 tum
1050 2285 1131 2348 quac
1148 2285 1212 2326 mur

81 2373 149 2437 adeo
170 2375 370 2458 discrepant,
395 2377 452 2438 aut
466 2376 512 2438 ita
534 2379 719 2459 comparata
740 2377 816 2438 suut
838 2377 874 2438 ut
896 2395 936 2436 ne
959 2373 1123 2456 potuerint
1145 2373 1212 2456 qui-

81 2483 142 2546 dem
156 2507 219 2549 nen
235 2485 406 2568 utrobique
420 2485 536 2567 afferri,
554 2489 610 2549 aut
625 2507 663 2550 ex
680 2485 798 2548 eisdem
813 2483 928 2568 quibus
944 2481 1127 2566 Stephanus
1147 2485 1213 2546 ute-

82 2593 163 2656 batur
178 2595 323 2660 fontibus
339 2595 454 2659 hausta
469 2598 560 2678 simt,
584 2619 678 2680 quern
694 2595 734 2660 ad
750 2595 878 2659 modurn
894 2593 935 2658 ab
951 2593 1092 2676 utrisque
1108 2591 1213 2657 Philo-

82 2703 183 2768 chorus
205 2707 342 2778 affertur
361 2707 395 2769 in
419 2729 494 2770 voce
516 2706 603 2772 ἄςτυ.
635 2705 683 2770 De
705 2706 760 2769 illo
782 2726 900 2790 genera
916 2705 1004 2767 velut
1019 2703 1098 2768 haec
1121 2709 1212 2767 suut:

81 2815 167 2898 Αἰλία,
190 2818 284 2881 πόλις
306 2817 534 2898 Παλαιςτίνης,
559 2816 624 2882 άπὸ
645 2817 753 2880 Αἰλίου
776 2817 958 2894 Ἀδριανοῡῑ
996 2813 1045 2876 vel
1069 2837 1151 2897 ηοαο
1174 2815 1213 2876 de
1266 2797 1271 2806 ¹

80 2925 253 3006 Ἀκαδημία,
283 2927 472 3006 Καλχηδών,
497 2927 678 3006 Καμπανοί,
703 2927 871 3004 Κάνωβος,
900 2923 1071 3002 (ηλυβρία,
1103 2925 1212 3004 Φάρος

82 3035 252 3100 nominibus
275 3036 416 3099 breviter
438 3036 606 3121 utrobique
622 3037 827 3118 exponuntur
842 3035 888 3100 ita
905 3037 1032 3097 tantum
1056 3055 1210 3116 congrua,

82 3148 110 3204 ut
136 3167 205 3210 cum
233 3145 456 3210 dissimillimis
489 3146 699 3210 contrariisve
734 3146 855 3209 sociata
883 3145 958 3208 sint.
1013 3146 1211 3228 Quamquam

81 3254 174 3334 ptuit
200 3279 279 3318 sane
308 3257 387 3318 hacc
415 3279 539 3340 quoque
567 3255 749 3338 Stcplmnus
783 3255 824 3318 ab
853 3257 917 3320 Ore
946 3255 1102 3319 mutuari:
1141 3277 1211 3340 ego,
1297 3273 1302 3282 ·

81 3363 127 3444 qui
148 3365 245 3428 nolim
269 3365 414 3449 cupidius
437 3387 550 3450 agere,
585 3367 619 3430 in
650 3366 695 3428 eis
718 3367 886 3448 acquiesco
909 3389 989 3450 quae
1012 3366 1134 3429 nnllam
1157 3365 1211 3428 ha·

82 3471 149 3537 trent
169 3475 414 3540 dubitationem.
448 3476 526 3540 Eius
549 3476 633 3539 nunti
657 3475 810 3560 estquod
833 3498 928 3560 supra
951 3477 1087 3539 tractavi
1112 3477 1212 3555 Ἀθρι-

82 3587 136 3665 βις,
164 3585 201 3650 de
224 3609 287 3669 quo
311 3607 439 3670 prorsus
462 3587 666 3650 consentiens
689 3586 870 3670 Stephanus
893 3607 925 3668 p.
949 3587 1000 3668 3⁵2,
1024 3587 1083 3650 32:
1110 3587 1212 3650 ”Aeas-

81 3696 131 3772 βις,
152 3697 242 3760 πόλις
263 3696 439 3773 Αἰγύπτου·
463 3698 481 3760 ὁ
503 3697 635 3776 πολίτης
658 3698 835 3778 Ἀθλιβίτης.
879 3697 1025 3774 Νικάνωρ
1048 3699 1083 3762 δὲ
1107 3697 1125 3761 ὁ
1147 3698 1211 3777 Ἑρ·

81 3802 161 3876 μείου
182 3807 217 3872 ἐν
240 3809 258 3890 ᾗ
282 3807 366 3884 πρὸς
389 3809 556 3888 Ἀδριανόν
578 3809 695 3888 γράφει
719 3807 829 3890 (vulgo
851 3807 1014 3888 γράφων),
1037 3809 1089 3871 διὰ
1111 3813 1169 3872 τοῦ
1193 3831 1211 3887 ρ

81 3915 167 3990 φηςὶν
199 3917 334 3996 Ἀθριβις
363 3967 519 3980 ......
548 3919 585 3982 τὸ
618 3919 744 3982 ἐθνικόν
772 3917 953 3996 Ἀθριβίτης·
998 3917 1162 4000 Stephane
1184 3918 1210 3980 si

83 4041 139 4084 nou
160 4045 233 4088 usus
249 4030 298 4090 est
313 4025 465 4108 Zonaras,
489 4027 599 4090 eodem
623 4026 790 4090 reserenda
805 4049 886 4110 quac
907 4027 991 4110 apud
1014 4026 1099 4090 hune
1122 4049 1153 4110 p.
1170 4029 1212 4090 ⁴4

158 4279 182 4344 *t
208 4279 262 4346 [De
289 4280 342 4334 hoe
369 4281 456 4348 (ligna
478 4285 521 4334 est
549 4298 620 4347 quac
643 4281 794 4348 diligenter
817 4279 1005 4348 perpendatur
1027 4279 1160 4334 Lentzii
1183 4281 1210 4334 in

82 4365 242 4426 Fleckeiseni
259 4375 359 4427 Annal.
378 4373 443 4442 phil.
464 4375 483 4428 t.
504 4381 534 4428 91
556 4379 589 4431 (a.
613 4379 686 4441 laea)
706 4393 732 4444 p.
752 4381 800 4427 571
822 4391 861 4442 sq.
882 4371 1040 4442 dubitatio]
