2954 5134
267 359 330 424 566
557 371 817 422 ομοποκοοτνπ
840 373 1121 424 ντνοοοοππμοπ.

267 552 350 597 τωνι
372 568 415 578 -
436 528 469 593 Εῖ
491 529 592 608 λύπης
621 528 777 606 ἐθελήςεις
805 531 946 609 κρατεῖν,
974 529 1141 609 περιπόλει
1168 530 1244 596 τοὺς
1267 529 1408 611 τάφοικω

268 643 318 706 καὶ
341 643 399 705 τοῦ
422 639 545 704 πάθους
568 637 647 703 ἕξεις
669 639 706 703 τό
729 638 915 720 φάρμακον·
941 639 993 704 καί
1019 640 1075 704 τάς
1096 640 1239 720 μεγίςτας
1265 646 1325 706 τῶν
1342 643 1382 706 άν-

268 752 410 832 θρόιπων
433 749 635 829 εὐδαιμονία(
658 749 734 829 ὄψει
756 750 934 829 περαιτέρω
956 750 1078 816 κόνεως
1101 753 1141 830 μὴ
1163 753 1341 832 κεκτημένα(
1357 753 1384 816 τό

223 873 249 922 vr
270 863 413 942 φόςημαε
435 899 478 910 -
499 860 689 940 'lconpr'rmct
717 897 760 908 -
787 859 826 924 Οἱ
853 853 919 938 μὲν
937 861 1014 925 τοὺς
1040 861 1157 943 φίλους
1183 863 1336 942 παρόντος
1353 883 1385 926 π·

268 976 381 1052 μῶςιν·
410 971 441 1035 οἱ
469 971 504 1035 δὲ
527 971 577 1034 καὶ
598 970 722 1050 μακράν
744 970 886 1035 ἀπόντα(
909 970 1062 1048 άχαπῶςι.
1153 973 1218 1039 Τὰς
1240 979 1303 1039 τῶν
1322 973 1386 1054 φαά-

197 1096 205 1111 ·
269 1086 336 1150 λων
359 1082 522 1161 ςυνηθείας
550 1079 660 1158 ὀλίγος
682 1081 801 1160 χρόνος
824 1082 962 1146 διέλυςε·
988 1083 1045 1147 τάς
1073 1084 1108 1148 δὲ
1135 1087 1204 1149 τῶν
1227 1084 1410 1149 ςπονδοίωνο

269 1192 394 1275 φιλίας,
418 1191 494 1257 οὐδὲ
516 1192 535 1254 δ
559 1193 621 1255 πᾶς
643 1190 725 1256 αἰὼν
747 1191 923 1271 ἐξαλείφεις
945 1229 989 1240 -
1010 1194 1045 1257 ‘A
1065 1197 1170 1258 ποιεῖν
1199 1194 1336 1274 οίςχρόν,
1357 1194 1386 1270 μὴ

268 1305 305 1368 δὲ
327 1303 435 1380 νόμιζε
463 1302 568 1377 λέγειν
592 1300 673 1366 εῖναι
695 1300 810 1366 καλάνι
833 1340 876 1350 -
898 1303 1001 1383 (οφία
1027 1303 1124 1383 μόνη,
1152 1309 1220 1372 τῶν
1247 1305 1387 1384 κτημάτων

269 1412 441 1480 ἀθάνατον.
491 1413 537 1480 Τό
564 1411 693 1491 χρυςίον
722 1412 758 1476 ἐν
786 1414 862 1492 πυρὶ
889 1415 1102 1492 δοκιμάζεται,
1135 1414 1166 1479 οἱ
1198 1415 1286 1496 φίλοι
1309 1415 1340 1479 δὲ
1361 1413 1387 1477 ἐν

268 1527 336 1590 ταῖς
359 1523 500 1604 ἀτυχίαις
528 1523 805 1598 διαγινώςκονταιε
828 1560 870 1573 -
894 1523 997 1589 Καλός
1024 1526 1181 1605 θηςαυρὸς
1208 1525 1294 1605 παρὰ
1317 1523 1388 1601 ἀνδρὶ

269 1635 432 1718 ςπουδαίῳ
461 1633 552 1713 χάρις
579 1632 784 1713 ὀφειλομένη.
833 1633 980 1713 Ἄπορον
1006 1634 1096 1700 ἐλπὶς
1123 1638 1164 1715 μὴ
1192 1638 1326 1716 λοβοθςο
1342 1634 1411 1712 τὴνπ

270 1746 405 1826 ἔκβαςιν.
450 1745 486 1807 Ὁ
509 1743 671 1808 πλειόνων
693 1743 796 1823 ἐρῶν,
822 1744 872 1808 καὶ
893 1748 960 1810 τῶν
982 1745 1157 1825 παρόντων
1178 1745 1388 1824 ἀποςτερεῖτοκ

271 1893 309 1902 -
333 1855 379 1920 Τό
402 1854 552 1934 ἄκαιρον,
571 1857 740 1934 πανταχοῦ
763 1854 923 1934 λυπηρόνι
946 1893 988 1904 -
1010 1854 1091 1937 ἀρχὴ
1114 1857 1237 1938 φιλίας,
1265 1857 1390 1921 ἔπαινος·

270 1967 385 2045 ἔχθρας
408 1966 461 2042 δὲ,
491 1965 612 2044 ψόγοςε
640 2001 682 2014 -
710 1965 756 2029 Τὸ
783 1964 907 2046 ἀφανὲς
936 1966 970 2030 ἐκ
996 1968 1055 2031 τοῦ
1078 1971 1242 2047 φανεροῦ,
1266 1964 1389 2045 τοχίςτην

271 2076 336 2155 ἔχει
357 2077 415 2154 τὴν
438 2077 624 2151 διάγνωςινε
647 2112 688 2122 -
710 2075 746 2140 ‘0
769 2079 874 2140 κακῶς
896 2077 1075 2155 διανοηθεὶς
1096 2079 1168 2157 περὶ
1189 2081 1255 2142 τῶν
1277 2075 1389 2141 οἰκείων.

271 2187 429 2252 οὐδέποτε
457 2188 563 2250 καλῶς
592 2186 794 2267 βουλεύςεται
822 2187 984 2266 περὶτῶν
1013 2185 1212 2267 ἀλλοτρίωντ
1238 2225 1279 2236 -
1304 2186 1337 2250 Οί
1354 2183 1422 2248 aaa

270 2317 353 2362 καιοι
383 2300 451 2361 τῶν
475 2295 594 2361 ἀδίκων
624 2295 650 2360 εί
677 2298 775 2374 μηδὲν
798 2296 880 2361 ἄλλο
903 2298 1166 2374 πλεονεκτοῦςιν,
1196 2298 1266 2364 ἀλλ’
1287 2296 1338 2362 οὖν
1356 2295 1394 2358 ἐῖ-

271 2407 335 2472 πίςι
363 2406 548 2471 ςπουδαίαις
575 2407 762 2485 ὑπερέχονςι
785 2407 935 2472 πάντωνε
963 2445 1005 2454 -
1029 2408 1061 2472 αἱ
1083 2409 1182 2473 λύπαι
1201 2411 1268 2474 ταῖς
1286 2407 1394 2486 ἡδοναῖς

271 2518 524 2596 παραπεπήγαςι.
572 2517 679 2595 Τύχην
688 2516 718 2602 *)
747 2517 830 2596 ἔχεις
853 2517 1022 2598 ἄνθρωπε,
1050 2520 1091 2598 μὴ
1114 2519 1215 2597 μάτην
1236 2519 1347 2598 τρέχης
1374 2512 1395 2577 εἰ

271 2629 306 2692 δ’
330 2626 388 2691 οὐκ
410 2627 492 2706 ἔχεις
515 2626 662 2704 κάθευδε,
688 2627 727 2705 μὴ
756 2631 859 2692 κενῶς
881 2629 989 2694 πόνειε
1011 2630 1236 2694 -Ἅπαντες
1261 2628 1336 2707 εἰμὲν
1358 2624 1391 2690 εἰς

270 2738 308 2802 τὸ
332 2738 497 2802 νουθετεῖν
521 2737 631 2818 ςοφοίε
655 2737 745 2801 αὐτοὶ
768 2739 801 2803 δ’
823 2737 1061 2819 ἁμαρτάνοντες
1083 2739 1122 2803 οὐ
1145 2741 1323 2819 ςυνήκομεν.
1397 2737 1420 2778 ¹⁰⁵

357 2942 382 3008 *ί
401 2947 426 2993 in
445 2946 557 3008 maraine
575 2946 712 3008 ascriptam
732 2941 896 3008 μενάνδρου.

356 3101 492 3172 κεραίαις
514 3100 544 3158 in
566 3099 686 3159 codice:

357 3205 452 3284 Ἀρχὴ
473 3203 654 3284 μενάνδρου
676 3207 735 3269 τοῦ
759 3209 865 3286 ςοφοῦ
888 3206 1102 3284 παραινέςεις·
1128 3206 1209 3271 κατὰ
1231 3207 1374 3284 ςτοιχεῖον.

275 3321 306 3378 in
329 3336 387 3394 quo
410 3315 563 3392 παραινές
584 3321 703 3378 litterae
724 3322 858 3394 scriptae
885 3322 916 3378 in
938 3337 1053 3380 rasura
1080 3337 1101 3379 α
1122 3337 1217 3381 mana
1238 3319 1389 3380 recentiore.

358 3509 450 3572 Prius
484 3530 579 3592 quam
612 3509 651 3572 de
683 3510 795 3572 ceteris
828 3509 1006 3574 rationibus
1039 3509 1152 3572 harum
1186 3509 1391 3573 sententiarum

274 3619 412 3696 dicetur,
448 3619 676 3683 consulendum
705 3623 753 3683 est
787 3619 1003 3683 emendationi
1036 3619 1225 3702 scripturae.
1274 3617 1335 3693 Qua
1357 3614 1391 3676 ia

275 3729 456 3814 fungemur,
480 3733 516 3793 πί
538 3731 647 3808 οἰοιοῖ,
671 3751 751 3814 quae
774 3729 838 3793 iam
854 3729 958 3792 editae
981 3728 1059 3794 alibi
1076 3729 1291 3812 reperiantur,
1313 3723 1389 3810 signi-
1473 3757 1474 3798 ι

275 3841 396 3903 ficetur.
432 3838 564 3922 Quodsi,
590 3862 669 3924 qaae
693 3841 776 3923 apud
792 3840 971 3925 Diogenem
990 3839 1153 3903 Laertium
1176 3841 1390 3917 exstareque

274 3951 309 4013 in
331 3950 462 4013 Ioannis
485 3949 613 4014 Stobaei
638 3951 824 4034 Florilegio,
854 3951 888 4013 in
911 3949 1041 4013 Arsenii
1063 3947 1208 4032 Violeta,
1238 3949 1270 4012 in
1291 3946 1319 4011 S.
1339 3941 1389 4006 Ma-
1473 3977 1474 4026 χ

275 4062 351 4124 nimi
375 4061 573 4126 Confessoria
597 4064 629 4124 et
645 4061 779 4123 Antonii
796 4060 944 4123 Melissae
959 4060 1052 4123 Locis
1076 4059 1302 4135 communibua
1321 4051 1388 4117 Bois·
1473 4109 1474 4112 ,

275 4171 399 4234 sonadii
424 4171 614 4253 Αποοάοίίε,
650 4170 767 4233 Walzii
800 4171 965 4256 farragine
998 4171 1148 4255 gnomica
1183 4192 1253 4234 cum
1279 4157 1388 4231 Arsenit‘

276 4280 377 4358 alita,
401 4280 574 4365 Orelliiqae
598 4281 766 4363 Opaseulis
789 4281 983 4344 Graeromm
1010 4280 1216 4345 sententiosis
1239 4284 1270 4344 et
1287 4269 1388 4342 morali·
1473 4265 1474 4270 ’

276 4390 349 4467 baa,
372 4389 430 4454 has
453 4392 552 4476 igitur
575 4391 600 4455 si
624 4391 815 4474 samanteria,
838 4391 967 4455 tertiam
988 4391 1089 4455 ferme
1112 4391 1161 4455 vel
1177 4393 1315 4476 quartem
1333 4399 1387 4467 par·
