2982 5146
353 359 399 404 na
423 359 514 404 sisu.
538 357 642 404 ,suun
666 358 709 404 ur
732 357 949 408 1’1s1srasro.
1160 342 1219 406 las

67 513 108 576 in
134 511 351 576 Zenodotcam
374 510 479 594 potius
495 508 804 594 Callimacheamque
820 512 958 574 aetatem
980 511 1075 594 quam
1096 511 1218 574 Aristo-

68 621 238 704 phaneam
253 620 556 703 Aristarcheamque
580 619 749 684 convenire
771 641 802 703 p.
820 619 897 684 829:
920 641 995 682 nam
1017 619 1077 684 hac
1093 619 1219 684 demum

68 730 121 794 ita
152 731 352 796 convaluisse
384 729 628 816 grammaticam
661 733 694 793 et
728 729 872 793 criticum
904 732 1022 810 artem,
1056 735 1091 793 ut
1123 752 1218 813 quam
1285 797 1294 818 ι

67 845 186 924 posset
207 841 423 925 amplissimus
438 839 665 923 exemplarium
680 843 853 922 apparatus
877 839 1109 922 conquirendus
1124 844 1216 904 esset.

68 953 184 1034 Atque
216 951 302 1034 prius
336 951 389 1014 ille
422 948 548 1034 quidem
581 949 770 1012 rectissime:
804 947 897 1012 modo
930 949 1112 1013 meminerit
1143 955 1220 1034 quot

68 1061 145 1144 ipse
170 1060 352 1144 probabiles
371 1058 538 1144 opiniones
560 1058 599 1122 de
622 1058 667 1123 eis
689 1059 782 1122 rebus
805 1059 1021 1140 proposuerit,
1051 1081 1131 1143 quae
1154 1082 1217 1124 non

68 1170 183 1254 magis
206 1174 292 1234 certo
314 1168 527 1234 demonstrari
554 1169 735 1251 potuerunt.
781 1168 927 1230 Alterum
950 1171 1056 1232 autem
1082 1191 1147 1232 non
1170 1191 1217 1250 eo,

68 1302 139 1362 quo
161 1280 346 1364 oportebat,
370 1279 470 1343 valet:
497 1299 572 1340 nam
595 1277 633 1340 de
657 1281 742 1340 certo
765 1277 898 1340 consilio
921 1275 1147 1360 Bernhardyus
1175 1278 1218 1342 lo-

69 1389 202 1472 quitur,
233 1389 271 1452 de
294 1411 331 1452 eo
358 1387 442 1472 quod
470 1409 543 1451 casu
571 1387 675 1471 magis
702 1387 869 1450 accidisset
891 1409 951 1451 nec
977 1387 1132 1470 potuisset
1155 1410 1218 1451 nou

70 1497 241 1581 accidere,
274 1519 333 1562 nos
367 1497 630 1582 cogitaveramus.
687 1497 755 1561 Nec
788 1497 873 1560 euim
907 1497 954 1560 illi
990 1501 1116 1560 tantum
1148 1498 1218 1561 usui

71 1609 285 1691 (quamquam
308 1629 349 1672 ne
371 1608 398 1671 is
421 1607 549 1691 quidem
571 1605 784 1671 aZenodotea
806 1605 976 1689 disciplina
998 1627 1125 1689 prorsus
1144 1607 1219 1670 alie·

69 1720 153 1802 nus)
178 1717 404 1801 exemplarium
426 1715 661 1780 multitudinem
683 1715 823 1778 eiusdem
844 1715 1009 1798 scriptoris
1032 1719 1219 1800 congestam

70 1826 230 1908 dicimus,
264 1826 335 1910 sed,
366 1829 401 1890 ut
428 1829 477 1890 cst
505 1830 769 1908 consentaneum,
806 1829 985 1910 coemptum
1017 1825 1058 1890 ab
1087 1831 1218 1909 utroque

71 1935 262 2000 Ptolemaeo
284 1957 341 2020 per
363 1934 583 2020 longissimum
602 1955 761 2013 annorum
782 1935 921 2018 spatium
928 1985 936 2018 ,
966 1935 1115 2020 quicquid
1143 1935 1218 2000 scri-

71 2049 206 2128 ptorum
234 2045 428 2110 voluminum
458 2045 596 2128 undique
625 2045 759 2108 excitari
782 2045 917 2128 cogique
940 2045 1088 2128 potuerit.
1134 2045 1218 2120 Quos

70 2155 131 2239 qui
160 2153 271 2218 credas
298 2155 383 2219 inter
411 2155 514 2238 ipsum
543 2154 749 2238 conquirendi
776 2155 933 2218 fervorem
961 2154 1217 2238 diligentissime,

70 2264 152 2348 quid
176 2265 241 2327 iarn
257 2269 405 2348 paratum
419 2267 503 2328 esset
525 2285 712 2348 graecarum
728 2264 923 2346 litterarum,
947 2263 1022 2348 quid
1038 2265 1135 2328 etiam
1151 2269 1218 2328 tum

69 2373 326 2457 desideraretur,
357 2395 599 2458 usquequaque
627 2359 784 2438 scrutatos
818 2373 910 2437 esse?
953 2373 1023 2437 Hoc
1051 2375 1155 2456 ipsum
1184 2377 1219 2436 ut

71 2488 339 2566 cognosceretur,
374 2482 527 2548 Zenodoti
555 2483 696 2566 demum,
731 2483 949 2568 Lycophronis
982 2486 1014 2546 et
1041 2483 1216 2546 Alexandri

69 2615 192 2677 opera,
216 2593 352 2659 maxime
375 2597 482 2658 autem
504 2592 692 2663 (altmanni
714 2594 823 2657 labore
850 2593 996 2657 effectum
1020 2597 1078 2656 cst.
1123 2593 1217 2656 Prae-

69 2709 166 2766 terea
189 2725 261 2766 cum
282 2703 321 2767 de
343 2709 457 2782 inuenti
476 2723 600 2768 nummo
620 2709 767 2768 librorum
789 2725 808 2766 a
831 2708 1006 2768 Ptolemaeis
1031 2707 1151 2782 repitus
1173 2709 1218 2768 vel

68 2820 246 2892 conquisito
279 2821 334 2877 uel
365 2817 541 2890 consecto
568 2811 689 2876 Gellius
716 2811 779 2894 VI,
812 2814 849 2877 17
882 2813 1036 2896 loquitur,
1071 2835 1146 2876 num
1178 2813 1217 2876 de

70 2923 147 2986 aliis
170 2943 266 3006 quam
285 2921 488 3006 transcriptis
509 2921 742 3006 exemplaribus
759 2921 964 3006 cogitandum
980 2922 1052 2986 est?
1071 2922 1216 3005 qualibus

69 3031 205 3115 quidem
227 3031 401 3096 studiorum
423 3031 644 3095 instrumentis
666 3031 868 3096 nullomodo
897 3053 1004 3097 curere
1026 3032 1075 3095 vel
1103 3031 1216 3096 docen-

70 3142 157 3204 tium
185 3139 438 3225 discentiumquc
465 3139 499 3204 iu
521 3139 631 3205 Museo
658 3140 828 3224 disciplina
855 3141 960 3226 potuit
987 3141 1036 3204 vel
1064 3141 1215 3224 privatim

68 3249 301 3314 meditantium
323 3253 356 3314 et
378 3251 662 3314 commentantium
686 3250 852 3314 industria.
898 3249 1015 3326 Quodsi
1043 3251 1216 3314 mullitudi-
1234 3263 1267 3312 3ίί

69 3361 125 3424 nis
150 3359 335 3424 vastitatem
362 3359 536 3423 demiratur
559 3359 800 3444 Bernhardyus,
829 3382 895 3424 non
923 3359 1000 3424 satis
1027 3361 1215 3442 pensitasse,

68 3492 158 3554 (puae
180 3469 288 3534 dedita
310 3491 406 3554 opera
429 3469 679 3552 enucleavimus,
703 3469 836 3534 videtur.
880 3470 1021 3534 Primum
1044 3470 1129 3533 euim
1151 3492 1217 3532 uon

69 3583 124 3644 est
147 3579 266 3643 nullius
289 3579 454 3662 ponderis,
479 3579 561 3663 quod
584 3580 740 3644 cumillis
763 3581 919 3662 numeris,
947 3601 1079 3664 quorum
1101 3600 1217 3642 memo-

69 3689 157 3752 riam
186 3710 204 3751 e
232 3687 420 3752 Callimachi
448 3689 632 3752 testimonio
664 3693 876 3774 propagatam
906 3689 1036 3754 Tzctzes
1066 3689 1215 3770 servavit,

69 3819 247 3880 eorumque
275 3802 384 3860 mutua
417 3797 542 3861 ratione
575 3797 708 3862 mirifice
742 3803 922 3882 congruunt
948 3803 1149 3883 quotcunque
1176 3799 1217 3862 ab

69 3906 148 3969 aliis
176 3906 384 3988 scriptoribus
413 3905 491 3970 certi
524 3908 646 3970 numeri
680 3909 884 3991 quantumvis
917 3909 1001 3972 inter
1033 3931 1067 3972 se
1100 3907 1216 3971 diversi

70 4015 195 4098 proditi
216 4018 305 4078 suut:
328 4015 429 4098 quode
445 4016 633 4100 explicatius
654 4016 773 4081 dictum
789 4016 872 4081 Bibl.
890 4018 942 4080 Al.
959 4040 991 4101 p.
1008 4019 1046 4082 31
1066 4017 1130 4104 [27]
1147 4039 1214 4100 sqq.

69 4123 201 4188 Deinde
225 4129 330 4188 autem
353 4126 610 4208 praetermissum
633 4125 789 4210 dolemus,
814 4127 896 4211 quod
919 4127 1072 4210 exemplis
1095 4131 1127 4190 et
1148 4127 1216 4210 plu-

69 4233 165 4297 rimis
188 4231 281 4298 etde
303 4235 473 4318 multiplici
495 4255 614 4318 genero
640 4237 748 4318 petitis
771 4240 803 4300 et
826 4257 864 4300 ex
892 4241 984 4320 parte
1011 4235 1114 4298 valde
1127 4241 1216 4300 uota-

69 4342 193 4407 bilibus
236 4345 330 4426 atque
367 4343 407 4408 ad
448 4343 701 4428 persuadendum
738 4346 892 4430 appositis
931 4345 1216 4410 demonstravimus
