2990 5140
285 343 371 410 ,206
660 357 816 402 τυιινκιυ
839 355 1100 402 νιιοουαοιιιιπι

310 511 355 572 ῶς
383 510 444 573 ἀπ’
472 511 579 572 αὐτῶν
608 514 674 572 τῶν
703 510 820 588 βίβλων
848 511 1044 587 ἐλέγχονται.
1102 509 1197 571 Ἀλλὰ
1225 511 1374 585 παρέντες
1398 510 1428 570 τά

310 621 439 698 περιττά
462 623 588 698 ςαφῶς,
617 619 781 696 ςυντόμως
804 621 853 682 καί
875 619 1001 696 ἀληθῶς
1024 619 1073 682 καὶ
1096 619 1139 680 ὼς
1162 619 1181 680 6
1204 622 1281 681 νοῦς
1303 619 1366 696 ἔχει
1385 622 1427 692 τῆς

311 731 420 808 βίβλου
448 733 547 793 ταῦτα
574 729 747 806 ἐκθείημεν·
782 732 844 792 πᾶς
867 731 902 792 δέ
930 730 1075 807 ἀληθείας
1105 729 1190 806 έρῶν
1218 731 1429 806 κριτικωτάτυς

310 839 501 918 βαςανιῑέτω
524 841 561 902 τὸ
585 839 775 915 ςύγγραμμα.

395 1050 436 1112 ιι.
460 1018 568 1129 τεὲερα
590 1050 681 1129 ἀρχή.
1438 1061 1450 1093 ι

245 1178 290 1225 117
397 1171 423 1229 1.
471 1170 676 1245 Ἀλέξανδρος
705 1169 723 1230 6
752 1168 891 1231 Αἰτωλὸς
926 1169 974 1230 καί
1010 1167 1189 1247 Λυκόφρων
1218 1167 1238 1230 6
1269 1168 1429 1230 Χαλκιδεὺς.

309 1279 391 1342 ἀλλὰ
427 1281 475 1340 καί
508 1278 694 1356 Ζηνόδοτος
723 1279 741 1340 6
770 1277 911 1357 Ἐφέςιος
948 1282 993 1358 τῷ
1027 1279 1222 1360 Φιλαδέλφῳ
1259 1277 1429 1353 Πτολεμαίω

309 1389 545 1467 ςυνωνηθέντες
569 1390 748 1468 βαςιλικῶς,
773 1387 866 1465 ὁμὲν
890 1389 945 1451 τὰς
966 1391 1022 1466 τῆς
1044 1387 1239 1472 τραγῳδίας,
1268 1387 1429 1466 Λυκόφρων

309 1501 344 1560 δὲ
373 1500 428 1561 τάς
456 1502 510 1575 τῆς
540 1497 707 1579 κωμῳδίας
736 1497 863 1575 βίβλους
893 1499 1096 1574 διῶρθωςαν,
1126 1498 1314 1575 Ζηνόδοτος
1336 1500 1369 1560 δὲ
1389 1498 1430 1558 τάς

308 1608 494 1684 Ὁμηρείους
524 1609 661 1670 καὶτῶν
689 1610 813 1669 λοιπῶν
836 1611 988 1685 ποιητῶν.
1031 1608 1066 1670 Ὁ
1089 1608 1151 1685 γάρ
1174 1607 1278 1686 ῥηθεὶς
1308 1609 1445 1688 flut1kebc²

309 1718 523 1793 Πτολεμαῖος,
553 1719 570 1794 ἡ
595 1719 846 1796 φιλοςοφωτάτη
871 1723 916 1800 τῷ
947 1717 1015 1781 ὄντι
1043 1720 1092 1780 καί
1118 1717 1188 1781 θεία
1216 1720 1322 1797 ψυχὴ,
1350 1719 1430 1780 καλοίΙ

310 1828 432 1890 παντὸς
462 1829 511 1889 καί
533 1828 689 1903 θεάματος
719 1829 768 1890 καὶ
796 1827 893 1904 έργου
923 1829 971 1890 καί
1001 1828 1100 1902 λόγου
1122 1831 1227 1892 τελῶν
1248 1829 1430 1904 ἐπιθυμητὴς.

310 1938 377 1999 ἐπεὶ
400 1938 452 1999 διά
474 1938 659 2014 Δημητρίου
687 1941 745 1999 τοῦ
769 1937 945 2014 Φαληρέως
971 1939 1021 2000 καί
1045 1938 1222 2016 γερουςίων
1251 1921 1371 2016 ἑτέρων
1389 1937 1429 1998 άν-

309 2051 397 2125 δρῶν
426 2047 581 2110 δαπάναις
610 2049 777 2124 βαςιλικαῖς
805 2047 1028 2124 ἁπανταχόθεν
1056 2049 1112 2110 τάς
1142 2048 1272 2127 βίβλους
1301 2048 1345 2112 εἰς
1365 2048 1430 2108 Ἀλε-

309 2157 475 2234 Ξάνδρειαν
498 2157 658 2233 ἤθροιςεν,
686 2158 752 2220 δυςί
776 2158 985 2234 βιβλιοθήκαις
1006 2157 1123 2220 ταύτας
1145 2157 1301 2228 ἀπέθετο,
1325 2157 1369 2220 ῶν
1389 2159 1450 2230 τήςι

309 2267 400 2328 ἐκτὸς
428 2268 484 2343 μέν
511 2266 550 2343 ἦν
579 2268 705 2342 ἀριθμὸς
734 2267 980 2344 τετρακιςμόριαι
1007 2267 1149 2346 διςχίλιαι
1172 2269 1365 2336 ὀκτακόςιω,
1388 2269 1429 2339 τῆς
1477 2347 1478 2354 ¹

310 2378 337 2439 δ’
367 2376 428 2438 έςω
462 2379 528 2438 τῶν
562 2376 750 2452 ἀνακτόρων
779 2378 828 2438 καί
856 2376 1012 2454 βαςιλείου
1041 2378 1158 2456 βίβλων
1187 2378 1246 2454 μὲν
1274 2377 1428 2456 ςυμμίκτωι
1477 2355 1478 2382 ⁴

310 2485 439 2564 ἀριθμὸς
462 2486 692 2563 τεςςαράκοντα
714 2486 876 2564 μυριάδες,
902 2485 1016 2550 ἁπλῶν
1039 2489 1075 2550 δὲ
1097 2488 1145 2550 καὶ
1167 2487 1312 2563 ἀμιςγῶν
1334 2487 1429 2566 βίβλων

310 2597 456 2673 μυριάδες
488 2596 597 2659 ἐννέα.
632 2595 676 2657 ὡς
708 2596 726 2657 δ
758 2596 954 2673 Καλλίμαχος
987 2597 1149 2661 νεανίςκος
1182 2598 1231 2661 ὢν
1262 2602 1321 2676 τῆς
1351 2597 1428 2668 αὐλῇς

310 2706 449 2782 ὑςτέρως
472 2705 549 2781 μετὰ
571 2707 627 2782 τὴν
651 2705 829 2784 ἀνόρθωςιν
851 2708 927 2769 τοὺς
949 2708 1085 2770 πίνακας
1101 2707 1208 2770 αὐτῶν
1224 2707 1449 2786 ἀπεγράψατο.ι’
1475 2783 1477 2798 1

311 2816 534 2894 Ἐρατοςθένης
567 2818 602 2877 δὲ
632 2815 650 2876 δ
677 2817 842 2893 ἡλικιώτης
880 2816 979 2879 αὐτοῦ
1015 2817 1102 2894 παρὰ
1133 2821 1191 2880 τοῡ
1226 2819 1377 2897 βαςιλέως
1402 2815 1429 2874 τὸ

310 2929 465 2989 τοςοῦτον
496 2925 696 3002 ἐνεπιςτεόθη
725 2928 984 3005 βιβλοφυλάκιον.
1049 2927 1143 2990 Ἀλλά
1174 2927 1214 2989 τὰ
1250 2927 1428 3004 Καλλιμάχου

310 3036 358 3097 καί
386 3038 444 3096 τοῦ
474 3035 716 3112 Ἐρατοςθένους
743 3037 821 3112 μετὰ
850 3036 970 3114 βραχύν
996 3056 1066 3099 τινα
1094 3037 1216 3114 χρόνον
1241 3037 1370 3112 ἐγένετο
1389 3037 1428 3108 τὴ(

310 3148 495 3220 ςυναγωγής
524 3150 589 3208 τῶν
618 3144 752 3222 βίβλων,
781 3146 824 3207 ῶς
854 3145 953 3223 ἔφην,
982 3147 1031 3208 καὶ
1054 3147 1270 3224 διορθώςεως,
1300 3149 1359 3210 κᾶν
1383 3145 1429 3221 μετ’

310 3254 409 3316 αὐτοῦ
446 3257 503 3316 τοῦ
540 3254 743 3329 Πτολεμαίου
782 3259 839 3318 τοῦ
879 3255 1093 3334 Φιλαδέλφου.
1162 3255 1242 3320 Τότε
1282 3260 1320 3322 δὲ
1358 3274 1443 3328 τωο·
1475 3251 1476 3309 ί

310 3364 505 3441 θροιςμένων
534 3363 666 3426 άπαςῶν
695 3369 761 3427 τῶν
793 3365 910 3443 βίβλων
938 3368 1004 3428 τῶν
1033 3366 1223 3444 Ἑλληνίδων
1257 3369 1312 3431 καὶ
1338 3369 1429 3430 ἔθνους

309 3475 430 3537 παντὸς
467 3475 516 3535 καί
553 3474 608 3535 ςὺν
646 3474 755 3536 αὐτοῖς
792 3479 857 3538 τῶν
894 3475 1062 3552 Ἑβραίων,
1100 3476 1221 3540 ἐκεῖνος
1258 3477 1279 3540 δ
1319 3474 1428 3555 ἀφειδὴς
1474 3505 1475 3510 1

310 3584 468 3660 βαςιλεὺς,
503 3583 549 3644 ὢν
583 3584 726 3661 ποταμὸς
758 3585 950 3662 χρυςορόας,
985 3585 1053 3648 ἀλλ’
1082 3587 1289 3665 ἑπταςτόμως
1317 3585 1427 3663 ἐκρέωι.

309 3694 365 3754 τάς
399 3693 523 3754 ἐθνικὰς
559 3695 615 3768 μὲν
656 3693 870 3770 δμογλώςςοις
909 3696 1041 3761 ἐκείνων
1079 3697 1209 3773 ἀνδράςι
1246 3699 1362 3776 ςοφοῑς
1392 3692 1427 3754 καὶ

310 3802 445 3880 ἀκριβῶς
469 3802 681 3879 ἐλληνίζουςιν
704 3803 748 3867 είς
772 3827 805 3867 τε
826 3807 957 3882 γραφὴν
979 3807 1061 3881 δμοίι
1076 3807 1124 3868 καί
1146 3809 1294 3881 γλῶςςαν
1316 3803 1442 3869 Ἑλλάδα.
1473 3889 1474 3898 ¹

309 3913 514 3990 μετήμειψεν,
552 3912 596 3974 ῶς
619 3915 667 3975 καί
696 3914 751 3976 τάς
777 3915 940 3992 Ἑβραίδας
968 3916 1006 3978 δι’
1028 3915 1245 3994 ἑβδομήκοντα
1271 3917 1334 3979 δύο
1355 3917 1427 3990 έρυη-

319 4088 507 4096 -—-—.-..--

377 4192 417 4236 30.
439 4187 529 4248 βίβλος
553 4185 756 4264 ἀριςτοφιίνους
779 4187 892 4254 τΖέτΖην
915 4187 1045 4255 φορέους’
1067 4185 1220 4255 ὑποφήτην
1239 4203 1310 4241 aser.
1331 4185 1420 4239 ιιιιιυθ

311 4281 349 4329 11.
363 4280 518 4330 οκτςικόςιοι
533 4279 592 4330 ι’(ιιΙ,
642 4286 680 4330 12.
695 4288 837 4345 ςυμμικιίιν
851 4283 909 4333 οοιλ.
932 4282 1062 4333 Γοιλιιμοιι
1075 4281 1246 4349 probabilius
1259 4281 1340 4333 suerit
1353 4293 1425 4331 (υυω-
1472 4341 1473 4366 ¹

310 4375 377 4436 νῶν.
451 4373 607 4423 ιθδέοιιι,
629 4372 688 4424 κοιλ.
763 4381 798 4426 ιθ,
821 4375 1001 4442 μετ’]λ.ἐπ“.
1071 4380 1109 4426 ·.>1.
1131 4373 1346 4428 άπάντωνςοό.
