2990 5140
442 429 559 488 onore
581 429 799 476 nonrooono.
1127 413 1187 478 119

60 601 105 644 και
129 583 222 643 nolae
248 579 340 642 nihili
368 583 453 643 sunt.
504 579 532 644 E
560 602 625 645 non
659 581 822 644 intellecto
849 585 955 643 eutem
982 581 1073 646 ἐπῶν
1101 580 1188 645 vocis

61 690 231 772 significatu
260 689 450 772 repetendus
478 688 594 754 Suidae
622 711 710 754 error
738 695 770 754 et
797 689 970 754 Eudoeiae:
1003 691 1125 772 ἔγραψε
1153 691 1189 754 δὲ

61 801 104 863 καὶ
123 800 236 880 τέχνην
260 801 427 880 ῥητορικὴν
449 799 486 866 ἐν
501 801 626 880 μέτροις
648 800 714 864 sive
735 802 772 866 ἐν
794 801 912 886 μέτρῳε
936 799 1113 863 contrarius
1135 799 1189 863 ille

60 909 101 990 ei,
122 931 211 992 quem
234 909 268 973 in
290 911 501 988 Ἐμπεδοκλῆς
524 910 726 974 commissum
748 931 844 994 supra
873 910 1093 994 cognovimus,
1121 909 1189 974 Sui-

60 1019 170 1102 daeqne
193 1041 263 1083 cum
278 1019 400 1083 Thomu
423 1020 461 1083 de
476 1018 598 1084 Pinedo
620 1023 652 1084 et
665 1018 834 1082 Holstenio
857 1020 1041 1084 communis.
1079 1019 1191 1082 Fusius

61 1127 95 1190 de
114 1129 161 1191 his
182 1129 346 1212 disseruit,
371 1150 430 1193 nec
445 1133 555 1193 tamen
570 1129 649 1193 setis
664 1151 732 1193 rem
746 1101 911 1212 ⁶expedivit
925 1129 1128 1193 Maercherus
1151 1128 1190 1192 de

61 1237 240 1302 Theodectis
254 1239 321 1302 vita
335 1261 366 1322 p.
383 1239 434 1304 55.
451 1239 504 1304 58.
542 1237 612 1304 Hoc
634 1239 735 1324 igitur
749 1239 964 1303 indubitatum
981 1241 1086 1302 exstat
1099 1239 1190 1304 ἐπῶν

60 1369 112 1430 pro
129 1336 245 1430 cdxci<
266 1349 422 1412 dictorum
444 1349 638 1433 exemplum:
666 1371 760 1432 quem
781 1350 907 1433 quidem
930 1348 1078 1432 loquendi
1100 1371 1191 1412 usum

61 1459 158 1540 paullo
186 1462 262 1522 ante
289 1458 424 1522 vidimus
458 1481 477 1522 a
504 1458 701 1542 Theopompi
735 1457 810 1522 inde
843 1461 949 1523 aetate
985 1458 1191 1543 repetendum

61 1589 131 1632 esse.
163 1607 205 1618 —-
233 1568 288 1654 91)
320 1568 515 1632 Isocratis
549 1567 688 1632 Busiridi
720 1567 755 1632 in
788 1567 946 1632 Vrbinate
979 1567 1086 1632 codice
1120 1569 1191 1632 suh

61 1679 220 1761 scriptume
244 1680 397 1760 βούεειριε
421 1675 681 1746 ΗΗΗΗΔΔΔΔ.
729 1677 814 1743 Satis
837 1677 999 1742 commode
1027 1677 1061 1742 hi
1083 1699 1191 1741 versus

61 1787 118 1851 390
143 1793 324 1874 congruunt
352 1789 386 1852 in
408 1789 471 1854 366
500 1775 609 1852 versus
636 1809 777 1874 nuperae
805 1787 953 1852 editionis
976 1787 1190 1872 Sauppianae.

62 1895 101 1958 Vt
130 1899 216 1962 nulla
250 1919 377 1984 prorsus
411 1919 523 1962 caussa
555 1899 614 1981 sit,
648 1921 704 1963 cur
735 1898 775 1962 de
802 1899 977 1962 enuntiatis
1009 1898 1115 1982 potius
1141 1897 1191 1961 vel

62 2009 290 2072 enuntiatorum
311 2008 476 2092 particulis
499 2011 674 2094 cogitemus
696 2031 768 2073 cum
783 2007 991 2092 Bernhardyo
1012 2007 1047 2072 in
1070 2007 1190 2071 Annel.

62 2117 124 2180 crit.
147 2117 252 2182 Berol.
269 2141 299 2182 a.
317 2119 397 2183 1838
412 2122 436 2181 t.
454 2117 486 2182 ΙΙ
501 2141 532 2201 p.
549 2119 622 2200 840,
639 2117 692 2202 qui
714 2121 880 2202 praeterea
902 2117 974 2181 illas
989 2137 1191 2180 numerorum

61 2231 145 2290 notas
166 2251 280 2311 parum
302 2228 476 2292 liberaliter
496 2228 727 2311 interpretatur
748 2228 811 2292 354
832 2249 951 2291 versus.
967 2265 1009 2275 -
1031 2227 1192 2312 98-113)

61 2333 334 2402 Demosthenis
349 2337 486 2402 sedecim
501 2337 680 2402 orationum
697 2337 838 2422 priorum
853 2342 975 2400 veteres
990 2335 1193 2419 subscriptio

61 2467 111 2509 nes
126 2448 264 2512 servavit
285 2450 412 2530 praeter
426 2447 582 2530 optimum
596 2447 778 2511 Parisinum
801 2447 832 2528 (e
855 2468 915 2530 quo
935 2449 1045 2510 tamen
1067 2445 1194 2508 illarum

61 2556 134 2620 nihil
169 2555 334 2622 Bekkerus
371 2556 536 2622 nobiseum
575 2557 835 2636 communicavit)
873 2557 971 2620 codex
1007 2554 1192 2638 Bavaricus,

62 2688 170 2748 paucas
191 2671 348 2753 quasdam
370 2668 468 2733 etiam
489 2671 698 2752 Augrntanus
720 2667 779 2732 ΠΙ.
824 2665 963 2742 Quarum
988 2665 1115 2750 quidem
1137 2687 1194 2730 nu-

62 2779 132 2840 meri
153 2799 281 2860 omnes,
310 2799 403 2863 quem
426 2777 465 2840 ed
488 2776 615 2841 modum
637 2778 671 2842 in
693 2777 843 2841 Isocratis
866 2775 1026 2858 Busiride,
1057 2775 1194 2860 antiqui-

63 2885 159 2950 oribus
179 2887 371 2952 numerandi
394 2887 478 2952 notis
500 2887 563 2952 illis
585 2888 766 2972 consignati
789 2890 879 2970 sunt,
903 2907 981 2970 quas
1003 2885 1099 2949 etiam
1114 2883 1194 2948 Her-

64 2995 239 3061 culanensis
266 2997 428 3061 volumina
461 3019 537 3080 prae
566 3019 599 3060 se
626 2995 710 3061 ferre
737 2995 959 3060 adnotavimus
987 2994 1071 3058 Bibl.
1101 2994 1193 3058 Alex.

63 3126 90 3187 p.
118 3107 185 3172 124.
238 3107 346 3191 Atque
374 3107 408 3170 in
437 3107 485 3172 his
514 3129 584 3171 cum
615 3108 756 3192 ipsorum
788 3107 942 3172 librorum
973 3104 1097 3172 numeri
1129 3126 1196 3168 non

63 3215 121 3277 sint
142 3217 261 3280 eisdem
283 3217 361 3299 illis,
385 3215 440 3280 sed
462 3217 691 3282 recentioribus
705 3217 790 3280 notia
806 3215 980 3300 significati
987 3265 996 3297 ,
1020 3213 1196 3279 certissimo

63 3328 94 3386 ut
119 3326 312 3390 arbitremur
341 3331 531 3410 argumento
561 3327 760 3412 intellegitur
793 3327 908 3407 crixum
940 3325 1125 3389 memorium
1158 3345 1196 3388 ex

64 3436 187 3500 vetatis
209 3435 404 3500 testimoniis
426 3435 465 3498 ad
488 3437 663 3520 posteriora
681 3436 807 3500 saecula
829 3433 990 3518 proditam
1011 3456 1090 3498 esse.
1128 3433 1196 3498 Nec

63 3543 93 3606 in
119 3543 310 3610 Bavericum
338 3544 464 3630 quidem
492 3545 631 3610 codicem
658 3547 762 3630 ipsum
790 3545 854 3609 ullo
881 3544 973 3609 modo
1000 3544 1081 3608 istae
1107 3547 1196 3606 nota-

64 3651 159 3719 tiones
182 3657 381 3740 congruunt,
412 3657 494 3718 teste
517 3653 689 3739 Spengelio
711 3655 746 3720 in
768 3654 903 3738 Ephem.
928 3655 990 3717 litt.
1014 3653 1140 3718 Monac.
1165 3675 1195 3717 e.

66 3763 138 3828 1838
152 3768 177 3829 t.
194 3764 227 3828 Il
244 3788 276 3848 p.
292 3765 365 3829 491.
401 3763 462 3828 lusi
483 3769 588 3830 autem
604 3765 840 3830 Demosthenes
861 3764 917 3828 ille
933 3765 1129 3844 (τιχομετρία
1150 3763 1197 3828 ita

65 3879 259 3958 comparata,
288 3877 324 3938 nt
351 3897 391 3938 ne
420 3875 471 3938 hic
498 3875 624 3959 quidem
652 3875 768 3940 diversi
795 3875 861 3938 sint
890 3874 986 3955 crixor
1014 3873 1198 3937 aversibus

65 3985 122 4064 (vel
143 3984 238 4048 lineis
261 3983 300 4047 de
322 3983 447 4048 novicio
469 3984 617 4068 loquendi
640 3987 751 4070 more).
795 3983 1023 4048 Monstrabunt
1048 3982 1108 4046 hoc
1130 4004 1198 4045 ver-

65 4111 147 4156 suum
168 4093 294 4158 numeri
317 4094 453 4178 exempli
475 4094 688 4158 Teubnerisni
712 4091 802 4180 [enni
827 4093 937 4182 18231,
962 4113 1039 4177 quos
1062 4091 1198 4176 sinfflrlis

65 4201 94 4264 in
122 4203 200 4267 locis
229 4205 432 4288 apposuimus
460 4204 550 4268 uncis
581 4204 844 4288 circumscriptos.
896 4200 1066 4268 Commode
1098 4201 1200 4286 igitur

65 4310 170 4376 horum
197 4313 413 4396 exemplorum
443 4311 679 4378 multitudinem
710 4311 774 4377 illis
807 4313 941 4395 adicies,
976 4311 1089 4396 quibus
1122 4311 1199 4378 olim

66 4422 109 4484 usi
134 4445 242 4487 sumus
270 4446 302 4506 p.
329 4424 397 4487 110.
442 4422 548 4506 Facile
576 4427 697 4506 autam,
727 4424 754 4487 si
782 4425 834 4507 qui
863 4425 947 4490 forte
971 4423 1110 4506 corrupti
1133 4425 1200 4488 sint

935 4527 996 4590 12*
