2982 5146
333 349 380 396 na
404 350 495 396 ersa.
519 351 623 398 anax.
648 351 691 398 nr
713 351 930 400 e1s1sraaro.
1143 329 1200 395 131

74 504 173 567 tunius
189 505 317 588 cognito
332 525 438 568 errore
453 503 487 568 in
504 503 592 568 illumi
609 503 817 588 invehitur*).
845 503 993 566 ltesecuit
1009 525 1046 565 ea
1063 501 1202 566 convitia

73 615 183 678 latinus
211 616 384 698 interpres,
413 613 677 698 quemadmodum
706 615 803 678 etiarn
830 612 993 677 Heliodori
1024 616 1202 676 commenta

74 725 103 786 in
125 725 246 789 brevius
275 725 445 790 corrtraxit.
491 725 580 789 Haec
609 729 715 789 auteur
744 724 851 808 qualia
873 724 994 788 fuerint
1016 723 1109 806 plene
1133 745 1201 806 per·

73 835 200 918 scripta,
230 859 286 900 sua
313 839 428 920 sponte
455 835 661 920 perspicitur:
689 835 806 920 quippe
829 857 893 899 non
922 833 1114 898 differebant
1135 833 1202 896 fere

74 945 110 1007 ab
135 945 178 1009 eis
205 947 299 1030 ipsis,
333 968 414 1030 quac
441 945 480 1010 de
509 945 619 1010 eodem
647 949 837 1031 argumento
865 944 975 1026 putida
1009 944 1202 1027 loquacitate

74 1059 213 1120 enarrata
236 1056 271 1120 in
285 1055 423 1141 Exegesi
439 1055 550 1120 Iliadis
572 1057 732 1142 leguntur.
771 1056 910 1120 Rursum
929 1055 1008 1119 baec
1029 1053 1202 1118 Tzetziana

75 1163 290 1250 Bemhardyus
311 1166 393 1230 dixit
415 1189 446 1251 p.
467 1167 545 1248 834,
570 1167 596 1230 si
619 1168 748 1250 singula
771 1167 855 1230 inter
877 1187 945 1230 sese
969 1165 1201 1246 conferrentur,

74 1297 217 1357 apparere
239 1300 305 1342 non
328 1276 456 1341 aliunde
484 1278 599 1342 hausta
622 1299 689 1342 esse
718 1277 779 1340 nisi
802 1299 819 1340 a
842 1275 970 1340 scholiis
999 1275 1033 1338 in
1058 1274 1203 1358 Dionysii

73 1389 165 1449 artem
185 1409 217 1470 p.
242 1388 303 1452 767
327 1385 427 1452 Beklx.
475 1389 581 1472 Atque
608 1387 669 1452 hoc
696 1387 750 1450 ille
776 1386 904 1472 quidem
932 1389 964 1450 ct
986 1385 1149 1449 verissime
1171 1389 1204 1448 et

72 1497 104 1558 ut
128 1499 268 1562 nosuam
297 1497 336 1562 de
364 1497 553 1580 Heliodoro,
585 1498 776 1562 scholiorum
804 1497 838 1562 in
862 1497 1050 1580 Dionysium
1075 1495 1202 1559 illorum

72 1606 231 1690 scriptore,
256 1609 472 1672 coniecturam
489 1609 619 1692 egregie
635 1609 846 1672 confirmarit:
868 1629 962 1691 quem
977 1627 1106 1690 sperare
1127 1605 1202 1670 licet

72 1737 148 1780 nunc
169 1717 334 1802 aliquanto
357 1720 495 1800 cautius,
520 1718 595 1803 quid
618 1719 703 1782 inter
725 1719 963 1799 copulorrcudv
988 1721 1019 1780 et
1042 1720 1202 1793 rubloru-

71 1827 124 1902 μόν
151 1827 293 1910 intersit,
322 1829 526 1893 definiturum
554 1851 632 1892 esse.
678 1829 789 1914 Neque
817 1829 895 1893 haec
924 1831 1034 1892 nostra
1062 1831 1200 1908 tanturn,
1304 1873 1310 1882 .

72 1936 118 2000 scd
148 1939 243 2003 etiam
277 1939 544 2023 praestantissimi
573 1939 696 2004 Lehrsii
730 1961 841 2004 caussa
875 1939 982 2024 paullo
1016 1937 1201 2022 diligentius
1223 1955 1251 2002 17

72 2046 252 2130 disputanda
279 2049 475 2134 putavimus,
507 2051 557 2114 cui
580 2050 707 2134 quidem
730 2049 751 2113 l.
777 2073 803 2114 c.
829 2048 1037 2134 probabiliter
1060 2049 1201 2112 effecisse

73 2158 124 2220 visi
144 2181 284 2242 eramus,
308 2161 426 2244 inquo
448 2161 602 2226 defecisse
626 2159 845 2244 Bernhardyo.

146 2270 342 2356 Ambiguum
364 2275 427 2353 est,
457 2272 512 2336 secl
533 2275 643 2336 tamen
665 2294 731 2336 non
754 2269 1089 2356 praetermittendum,
1118 2269 1200 2353 qnod

72 2379 101 2442 in
131 2379 290 2446 simillima
324 2403 435 2446 caussa
469 2381 554 2446 aliud
591 2381 741 2466 quiddam
778 2380 888 2444 eadem
921 2379 1058 2460 Exegesi
1093 2379 1201 2442 lliadis

72 2489 211 2556 traditum
233 2492 312 2555 item
335 2495 525 2556 retractasse
548 2495 581 2556 et
603 2492 776 2556 correxisse
799 2494 909 2574 postea
925 2489 1041 2554 Taetaa
1065 2489 1199 2570 videtur,

71 2603 99 2660 et
124 2601 154 2664 in
181 2601 257 2686 ipsis
287 2603 414 2686 quidem
447 2604 480 2667 in
510 2601 670 2686 Exegesin
699 2602 788 2666 illam
817 2600 955 2664 scholiis.
1017 2599 1100 2664 Nam
1130 2621 1199 2664 cum

72 2730 98 2790 p.
112 2709 161 2791 45,
188 2712 223 2775 17
240 2712 330 2796 (772,
347 2713 389 2776 33
413 2712 466 2798 Β.)
490 2713 587 2776 libros
610 2712 796 2776 Homericos
820 2713 991 2794 inscriptos
1014 2733 1083 2774 esse
1098 2711 1198 2792 ἄλφα,

72 2823 140 2896 βῆτα
154 2825 185 2884 et
199 2823 244 2887 sic
261 2845 357 2906 porro
377 2825 459 2904 πρὸ(
474 2823 713 2903 ἀντιδιαετολήν
731 2825 984 2904 Ἀριετοτελικῶν
1005 2823 1054 2886 καὶ
1075 2824 1199 2887 λοιπῶν

72 2933 311 3012 ωαραμμάτιυν
334 2932 482 3016 dixisset,
507 2937 594 3017 post,
619 2956 690 2998 cum
712 2933 751 2996 de
774 2933 905 2998 immani
928 2932 1019 3016 lapsu
1036 2930 1155 3014 aliquid
1172 2931 1198 2994 ci

71 3039 265 3125 suboluisset,
290 3065 360 3106 eam
376 3044 618 3108 annotationem
641 3066 672 3128 p.
693 3045 752 3108 154
768 3043 858 3127 (844)
882 3042 1014 3124 adiecit,
1039 3064 1119 3124 quae
1140 3042 1198 3105 etsi

71 3149 151 3213 valde
172 3151 324 3218 lacunosa
346 3157 411 3235 est,
434 3158 559 3236 tauron,
589 3155 651 3218 nisi
677 3153 803 3238 quidem
825 3153 981 3234 t‘allimur,
1010 3175 1047 3215 eo
1076 3152 1199 3236 potissi·

71 3279 146 3324 muru
160 3267 301 3346 spectat,
325 3267 361 3328 ut
376 3265 476 3330 multo
492 3270 563 3350 post
579 3263 781 3329 Pisistratum
797 3265 925 3348 eiusque
941 3262 1061 3326 LXXll
1077 3264 1199 3343 (οφούε

72 3367 175 3434 vixisse
196 3375 404 3439 Aristotelem
426 3375 593 3458 doceatur,
618 3375 765 3459 priorque
789 3373 932 3438 narratio
955 3373 1000 3436 ita
1022 3376 1198 3454 excusetur,

71 3481 101 3540 ut
125 3481 209 3548 facta
232 3507 251 3548 a
275 3483 435 3549 Pisistrati
463 3487 556 3550 sociis
584 3485 825 3550 Homericorum
847 3483 1005 3558 ,librorum
1033 3483 1200 3566 inscriptio

71 3591 142 3666 uode
157 3593 397 3676 ἀντιδιαετολήν
413 3601 479 3661 τῶν
495 3596 658 3676 ὕετερον
680 3595 876 3674 γενηεομέ
883 3617 961 3662 νων
985 3593 1197 3674 (ιη-γραφέων

70 3695 192 3768 (licetur.
259 3703 336 3780 Quis
373 3729 438 3770 non
475 3706 607 3770 miretur
643 3705 806 3788 singulare
843 3726 976 3768 acumen
1013 3703 1198 3786 lepidissimi

72 3810 197 3892 capitis?

146 3921 325 4006 Postremo,
343 3926 445 4010 siquid
461 3927 559 3990 etiam
575 3949 660 3990 nunc
676 3925 815 4008 scrupuli
831 3925 986 4005 resideat,
1004 3925 1064 3988 huc
1081 3947 1198 4008 quaeso

130 4079 262 4090 --—-.—..

130 4157 153 4222 *)
171 4158 256 4226 [Haec
274 4163 366 4217 omnia
384 4163 424 4217 ita
436 4181 497 4217 csse
510 4181 621 4232 reapse,
640 4163 802 4232 planissima
814 4179 885 4214 nunc
904 4161 1064 4214 testimonia
1077 4162 1198 4216 clamant

71 4261 98 4296 rx
115 4247 294 4308 latroniano
313 4254 407 4308 codice
426 4256 462 4310 ab
481 4256 513 4310 H.
534 4256 623 4310 Keilio
641 4255 718 4308 celita
736 4255 805 4308 Mus.
826 4255 913 4308 [then.
934 4271 995 4308 nov.
1013 4253 1050 4306 Vl
1068 4273 1095 4324 p.
1113 4246 1199 4320 libb

72 4353 124 4404 th.
143 4345 169 4394 et
191 4349 245 4406 ns,
261 4351 289 4402 12
308 4349 379 4416 sqq]
