2990 5140
637 1151 703 1260 V.

179 1313 333 1440 'ioannis
363 1343 519 1440 Tzctmc
549 1349 768 1444 scholiorum
799 1351 835 1444 lu
866 1351 1143 1468 orlsoopumcn

534 1501 794 1618 prolegomeno

292 1689 375 1749 edita
397 1698 428 1748 et
450 1699 593 1750 enarrata
615 1690 654 1750 ab
677 1691 845 1752 Henrico
867 1693 1039 1772 Keilior)

178 1970 355 2055 Postquam
378 1970 522 2056 Angelus
545 1973 649 2037 Maius
672 1973 782 2056 Spicil.
799 1973 892 2039 Rom.
909 1974 949 2040 V.
972 1999 1005 2060 p.
1024 1977 1086 2042 247
1108 1979 1142 2042 in
1160 1978 1236 2044 Am·
1256 1999 1303 2048 ros

88 2081 265 2145 bresianae
288 2081 499 2146 bibliothecae
527 2082 635 2146 codice
657 2089 804 2148 Iohannis
828 2088 962 2149 Tzeizae
988 2095 1236 2154 commartariam

88 2200 245 2270 iacentem
272 2199 303 2256 ia
332 2195 543 2272 Aristophanis
569 2199 740 2257 comoedias
769 2199 877 2258 extare
911 2195 1082 2277 indicavit,
1116 2220 1236 2283 magna

87 2302 177 2365 inter
212 2301 296 2364 viros
329 2301 439 2366 doctos
472 2305 542 2366 orta
573 2306 622 2366 est
650 2303 805 2386 suspicio,
839 2303 900 2368 hoc
927 2325 995 2368 esse
1023 2305 1101 2370 illud
1131 2307 1236 2390 ipsum

89 2417 200 2475 Caecii
225 2423 421 2476 commeatum
448 2419 671 2478 comoediarum
701 2418 928 2494 Aristophanis,
965 2435 982 2477 e
1014 2436 1076 2498 quo
1103 2415 1147 2499 is,
1182 2417 1235 2500 qui

88 2520 251 2585 scholium
279 2519 462 2615 Plautinum
490 2544 509 2586 a
536 2521 712 2587 Ritachelio
740 2543 769 2586 a.
803 2523 883 2587 1838
911 2545 928 2586 e
959 2523 1067 2588 codice
1090 2523 1236 2590 Romano

88 2631 215 2694 editum
242 2630 385 2714 scripsit,
415 2631 531 2695 eximia
559 2631 598 2695 de
623 2631 876 2698 Ptolemaeorum
904 2632 1106 2698 bibliothecis
1135 2635 1235 2720 deque

89 2739 227 2806 Homeri
252 2740 445 2804 carminibus
461 2763 481 2804 a
495 2739 665 2806 Pisistrato
687 2741 722 2805 in
736 2741 882 2807 ordinem
895 2742 1033 2808 redactis
1050 2745 1235 2810 testimonia

156 2979 184 3046 *)
206 2975 257 3046 [Ex
274 2977 362 3030 Musei
382 2975 479 3046 philol.
498 2977 624 3031 Rhenani
645 2977 710 3032 novi
729 2978 782 3032 rol.
795 2977 832 3031 VI
851 2981 886 3045 (a.
912 2983 987 3044 1847)
1006 2997 1033 3048 p.
1059 2984 1107 3034 los
1126 2996 1187 3048 sqq.
1206 2981 1235 3034 et

88 3077 138 3125 243
157 3087 223 3136 sqq.
236 3100 270 3108 -
282 3068 360 3134 Quod
379 3069 445 3124 olim
463 3069 507 3136 (de
525 3069 593 3123 bibl.
611 3069 689 3124 Alex.
709 3089 735 3140 p.
750 3075 775 3138 7)
795 3071 900 3141 sperari
918 3088 1000 3140 posse
1019 3071 1157 3138 dixeram,
1176 3073 1234 3127 sore

88 3165 120 3216 ut
137 3179 275 3232 graecm
292 3163 397 3216 fontem
416 3161 513 3217 scholii
530 3162 651 3217 Plautini
669 3181 684 3217 e
702 3163 933 3218 bibliothecarum
951 3164 1074 3218 tenebris
1092 3164 1121 3218 in
1144 3165 1235 3220 lucem

89 3257 268 3324 protractum
285 3253 463 3322 intueremur,
481 3255 510 3308 id
528 3273 590 3309 cum
603 3273 636 3309 ex
654 3257 734 3324 purte
752 3256 808 3310 iam
821 3253 944 3310 Cranreri
957 3256 1090 3311 beneficio
1104 3257 1233 3312 effectum

88 3351 178 3414 esset,
204 3347 290 3401 etiam
307 3347 518 3402 luculentiorem
538 3349 668 3402 eventum
690 3347 789 3402 habuit
810 3347 929 3417 repertis
947 3349 981 3402 H.
999 3349 1082 3404 Keilii
1104 3350 1178 3404 felici
1194 3349 1234 3404 in·

88 3441 201 3495 dustria
219 3440 337 3495 Tzetzao
354 3440 384 3494 in
396 3440 611 3511 Aristophanem
628 3440 846 3510 Prolegomenis.
876 3439 935 3505 Quo
948 3459 1019 3495 novo
1038 3443 1114 3496 sonte
1126 3443 1233 3497 recluso

88 3552 152 3588 cum
171 3533 234 3588 fieri
246 3550 302 3588 non
319 3537 415 3602 posset
434 3534 499 3602 quin
517 3534 666 3602 quaedam,
685 3551 757 3602 qnae
773 3551 824 3588 noe
842 3532 975 3588 decennio
993 3537 1059 3588 ante
1077 3534 1136 3588 solo
1155 3535 1232 3589 Pluu-

88 3629 149 3682 tino
175 3625 281 3682 scholio
305 3627 373 3681 duce
396 3627 649 3696 disputaverimus,
667 3627 711 3681 vel
734 3627 928 3696 supplerentur
945 3627 990 3680 vel
1010 3627 1234 3696 emendarentur,

89 3737 153 3774 ere
178 3735 242 3774 esse
264 3718 330 3772 duxi
350 3721 517 3788 gratumque
540 3721 662 3774 futurum
685 3720 784 3774 herum
806 3719 963 3774 litterarum
988 3719 1118 3775 studiosis
1142 3722 1233 3776 existi·

89 3813 178 3880 masi,
204 3812 227 3865 ei
250 3815 410 3866 accuratum
431 3811 518 3882 ipsius
540 3812 622 3868 Keilii
646 3813 876 3868 commentarium
898 3795 1234 3882 meis'disputationibus,

88 3923 145 3960 non
168 3904 258 3959 insito
281 3905 341 3972 illo,
363 3905 504 3974 integrum
527 3905 736 3974 subiungmem,
763 3923 817 3974 quo
839 3904 981 3960 iudicandi
1003 3906 1122 3960 materia
1144 3906 1233 3961 omnis

89 4016 145 4053 uno
164 3999 195 4052 in
214 3998 275 4053 loco
293 3999 439 4068 proposita
454 3999 614 4054 haberetur.
652 3999 701 4052 Cui
718 3999 765 4053 ille
783 3997 897 4054 consilio
915 4000 956 4053 ita
974 3997 1120 4064 succurrit,
1145 3999 1175 4051 ut
1192 4015 1232 4052 re·

89 4092 164 4146 lecto
178 4091 281 4144 codicis
293 4091 470 4146 Ambrosiani
487 4092 650 4161 apographo
668 4109 718 4146 suo
731 4093 868 4160 quaedam
881 4091 1044 4160 corrigeret,
1064 4107 1232 4159 quamquam

90 4202 141 4238 neo
159 4184 251 4237 mirlta
267 4201 318 4238 nec
336 4186 445 4254 gravia,
464 4186 668 4240 enarrationem
681 4185 775 4240 autem
793 4203 872 4240 suam
889 4201 945 4240 non
957 4183 1048 4252 magis
1062 4183 1233 4252 mutandam,

91 4294 178 4343 quarn
201 4293 278 4330 meas
302 4294 355 4346 ego
377 4277 593 4348 disputationes,
621 4281 755 4332 censeret.
779 4309 811 4318 -
835 4277 963 4332 Ceterum
990 4276 1075 4332 etiam
1102 4295 1136 4332 ex
1158 4279 1232 4332 Atho

91 4371 189 4424 moute
207 4369 330 4426 codicem
347 4388 397 4426 ms.
416 4369 536 4426 Parisios
554 4371 702 4428 advectum
718 4387 793 4438 esse,
809 4371 839 4425 in
857 4387 911 4439 quo
929 4387 995 4442 pars
1012 4370 1233 4442 prolegomenon
