2954 5134
256 327 321 392 530
628 343 675 389 nu
699 343 827 390 comere
850 345 1026 391 vsmunru

259 498 393 575 ετρατὸν
415 495 435 574 ἥ
458 517 493 560 τε
514 495 571 562 νὺξ
594 496 676 560 αἰτία
701 497 830 574 ἐγένετο
852 498 902 562 καὶ
924 498 962 560 τὸ
985 497 1021 562 ἐν
1044 495 1144 579 οἰκείᾳ
1165 501 1206 579 γῇ
1234 495 1270 559 τὸ
1293 495 1375 558 πάθοι

259 606 368 670 αὐτοῖς
391 609 558 686 ευμβῆναι·
587 608 668 690 ῥᾷον
690 608 752 687 γὰρ
776 608 807 672 οἱ
828 607 1008 688 φεύγοντεε
1031 607 1082 671 ἐπὶ
1102 607 1143 670 τὰ
1165 607 1298 686 εφέτερα
1316 605 1376 668 ted·

257 723 354 783 Ζοντο
381 717 424 781 δι’
455 717 616 808 ἐμπειρίαν
648 721 715 783 τῶν
748 718 871 784 τόπων.
927 715 991 781 Sua
1019 715 1146 801 pridem
1175 717 1285 799 sponte
1314 736 1377 778 unus

258 828 389 910 quisque
413 826 610 910 cogitatione
633 827 737 890 addit:
766 850 855 907 quum
876 835 907 891 ιἰι
928 834 1098 907 porcariae
1123 837 1218 890 terra.
1262 825 1324 900 Quo
1341 824 1378 886 fe-

259 937 350 1001 cilius
380 959 416 1000 eo
445 940 618 1020 augmento
647 959 790 1001 caremus
819 937 902 1021 quod
930 936 994 1000 illis
1021 936 1056 1000 in
1078 941 1136 1000 ΗΡ
1153 939 1187 1000 et
1213 934 1381 1019 margined
1464 947 1465 978 l

154 1131 157 1137 1
259 1047 425 1111 adhaeret:
454 1049 473 1126 ἢ
502 1049 538 1112 οἱ
566 1049 783 1114 διώκοντε(
810 1049 1109 1128 κατελάμβανον
1138 1049 1189 1110 δι’
1216 1045 1380 1124 ἀπειρίαν

257 1162 334 1223 τῶν
356 1159 569 1236 διεξόδων,
598 1157 657 1221 etsi
682 1157 883 1222 concedimus
910 1157 1050 1240 potuisse
1078 1157 1144 1220 tale
1166 1155 1310 1240 quiddam
1328 1175 1380 1217 nou

259 1267 368 1350 inepte
396 1267 480 1330 addi.
526 1267 572 1330 At
601 1289 675 1331 vero
705 1268 816 1331 eadem
843 1270 978 1351 apparet
1006 1266 1153 1350 [rapum
1183 1265 1310 1350 legisse,
1338 1263 1380 1347 qui

259 1378 305 1441 sic
328 1377 438 1440 ve1tit:
458 1381 588 1454 facilius
607 1385 685 1441 enim
702 1382 858 1457 sapientes
885 1383 929 1441 ud
946 1384 1077 1457 propriu
1102 1382 1301 1442 servabuntur
1316 1381 1382 1438 Ioco

258 1509 325 1552 ram
342 1494 459 1567 peritia
480 1493 779 1568 impediebanturqae
794 1487 888 1571 (legit
909 1487 1009 1572 igitur
1032 1490 1082 1553 καὶ
1102 1509 1162 1571 pro
1176 1472 1214 1570 ἢ)
1223 1506 1383 1567 persequen-

259 1609 303 1662 tes
324 1604 506 1662 transituum
528 1604 690 1677 imperitia.
736 1597 781 1660 Et
802 1601 911 1661 tamen
939 1597 1019 1661 haec
1041 1618 1165 1681 quoque
1194 1595 1322 1659 rationis
1339 1615 1384 1656 ne-

260 1708 391 1771 cessitas
414 1711 446 1771 et
469 1706 598 1770 criticae
621 1707 810 1790 disciplinae
833 1707 985 1772 severitas
1004 1707 1146 1790 postulat
1167 1709 1204 1770 ut
1226 1707 1292 1770 sine
1310 1726 1384 1769 mora

259 1818 356 1881 missa
378 1818 550 1881 faciamus:
578 1823 610 1881 et
632 1819 809 1901 postularet
831 1818 992 1902 profecto,
1016 1816 1163 1881 etiamsi
1185 1837 1251 1880 non
1271 1815 1383 1879 babere

260 1951 329 1991 mus
352 1927 405 2011 qui
427 1928 526 1991 talem
548 1928 676 2011 quidem
703 1928 783 2011 Lepi
812 1929 853 1991 ab
875 1933 932 1992 AB
959 1928 1138 1992 dissensum
1167 1925 1323 1990 commode
1348 1925 1385 1986 in-

260 2041 523 2121 terpretaremur:
557 2061 632 2102 num
662 2039 702 2102 de
733 2039 828 2102 tertio
861 2038 968 2122 aliquo
998 2037 1106 2101 codiee
1133 2038 1221 2121 paris
1249 2057 1317 2100 cum
1340 2036 1385 2096 AB

261 2148 478 2232 antiquitatiS,
503 2149 657 2212 bonitatis
674 2153 780 2212 autem
803 2151 898 2232 ablue
921 2148 1119 2232 integritatis
1142 2143 1385 2224 etiammaioris,

261 2259 313 2342 qui
341 2258 422 2342 Lapi
451 2262 557 2322 aetate
586 2258 708 2322 Romae
737 2259 910 2341 exstiterit,
944 2258 1083 2342 prudens
1110 2279 1205 2330 nemo
1236 2253 1385 2341 cogitabit.

261 2368 328 2432 Neo
358 2390 431 2432 vero
460 2369 635 2453 probabili,
664 2372 700 2433 ut
725 2373 818 2452 puto,
850 2369 1033 2433 coniectura
1060 2367 1272 2432 destituimur.
1315 2365 1386 2428 Nam

262 2501 333 2541 curn
361 2479 437 2542 duos
465 2479 525 2542 sibi
553 2483 681 2562 praesto
707 2479 806 2543 fuisse
835 2479 959 2543 codices
986 2479 1021 2542 in
1049 2479 1176 2563 epilogo
1203 2478 1244 2541 ad
1269 2476 1388 2541 Paulum

261 2588 293 2650 II
315 2587 504 2652 Pontificem
524 2589 706 2652 Romanum
728 2589 878 2672 scripto
869 2611 938 2672 1pse
964 2589 1069 2672 Lupus
1091 2591 1238 2670 testetur,
1261 2609 1323 2651 nou
1343 2585 1388 2646 du-

261 2697 399 2760 bitamus
422 2698 513 2762 hoo
504 2722 539 2762 ιιι
562 2721 633 2762 eam
655 2703 780 2782 purtem
802 2699 965 2782 accipere,
988 2702 1024 2762 ut
1046 2700 1182 2762 alterum
1203 2693 1465 2800 usurpaverit

261 2807 427 2891 antiquum
450 2812 483 2871 et
510 2831 575 2873 non
603 2811 778 2893 interpolat
779 2832 848 2892 um,
878 2831 971 2892 quem
1001 2809 1187 2893 plerumque
1209 2809 1388 2892 sequeretur,

262 2919 397 2981 alterum
420 2918 460 2981 ad
482 2941 613 2982 manum
628 2919 835 2984 habueritex
858 2920 1124 3003 interpolatorum
1145 2940 1279 3004 genere,
1302 2939 1318 2980 e
1338 2935 1392 2998 quo
1464 2957 1465 3000 ι

261 3027 313 3092 hic
341 3028 444 3092 illie
436 3033 582 3112 rnspeoto
612 3033 737 3113 peteret
764 3030 877 3113 quibus
905 3030 1079 3093 auctiorem
1106 3029 1208 3092 altero
1229 3027 1392 3112 deprehen·
1464 3025 1465 3124 l

262 3138 360 3200 deret.
406 3138 528 3202 Hinc
519 3140 619 3223 igitur
647 3139 752 3203 facilis
781 3139 990 3222 existimatio,
1020 3139 1046 3202 si
1074 3139 1188 3222 quibus
1214 3138 1310 3202 etiam
1331 3135 1394 3199 eliis
1464 3125 1465 3200 l

262 3248 414 3330 exemplis
442 3249 547 3332 Lepus
577 3272 647 3312 cum
674 3249 883 3314 deterioribus
913 3250 1002 3312 libris
1029 3248 1131 3312 faciat
1158 3252 1270 3312 eontra
1297 3253 1327 3312 B
1351 3244 1393 3308 uel
1464 3217 1465 3312 l

262 3362 335 3421 AB:
358 3357 441 3440 quod
463 3381 549 3422 nunc
572 3361 650 3423 satis
673 3361 775 3422 habeo
798 3360 894 3423 verbo
909 3358 1119 3443 significasse.
1156 3357 1304 3422 tkterum
1326 3353 1395 3419 illud
1464 3413 1465 3440 ,

263 3468 336 3530 nolo
358 3471 480 3550 tacere,
510 3491 580 3544 mco
603 3490 713 3550 sensu,
742 3469 770 3531 si
799 3468 918 3552 aliquid
942 3468 1122 3533 addendum
1147 3469 1309 3532 videretur
1330 3464 1396 3530 Dio
1464 3477 1465 3492 ³

214 3578 368 3660 loaysia,
397 3600 462 3641 non
491 3601 528 3641 ea
551 3600 631 3661 (puae
654 3579 827 3663 vulgantur
849 3600 921 3642 eum
942 3579 1120 3662 positurum
1147 3579 1260 3658 fuisse,
1295 3575 1397 3640 sedet
1464 3569 1465 3612 ³

262 3688 379 3750 rectius
409 3691 441 3750 et
469 3689 656 3752 concinnius
684 3689 729 3751 sie
756 3688 949 3751 locuturum:
979 3689 1060 3771 ῥᾷον
1087 3691 1149 3767 γὰρ
1173 3690 1204 3753 οἱ
1225 3687 1397 3768 φεύγοντι(
1464 3683 1465 3714 ¹

264 3799 314 3860 ἐπὶ
329 3800 368 3861 τὰ
383 3799 520 3878 εφέτερα
535 3800 696 3864 ἐεώζοντο
711 3800 755 3863 δι’
772 3799 935 3877 ἐμπειρίαν
950 3803 1016 3864 τῶν
1032 3798 1156 3875 τόπων,
1178 3800 1198 3876 ἢ
1220 3798 1274 3860 δι’
1296 3797 1398 3860 ἀπει-

263 3908 980 3987 ρίανοὶδιώκοντεεκατελὰμβανον.
1024 3905 1093 3970 Nec
1121 3906 1397 3987 enimratioper·
1464 3889 1465 3984 ,

263 4018 397 4100 spicitur
420 4039 475 4079 cur
496 4018 621 4080 variata
643 4017 787 4080 oratione
810 4016 920 4080 alteris
942 4017 1095 4082 διεξόδων
1118 4016 1337 4098 potissimum,
1359 4011 1397 4074 al·
1464 4091 1465 4112 ,

263 4128 340 4189 teris
363 4129 474 4192 τόπων
498 4129 564 4190 sive
588 4128 729 4210 cognitio
752 4127 818 4190 sive
840 4125 1002 4210 ignoratio
1024 4127 1194 4189 tribuatur.
