<?xml version="1.0" encoding="UTF-8"?>
<!DOCTYPE html PUBLIC "-//W3C//DTD XHTML 1.0 Transitional//EN"
    "http://www.w3.org/TR/xhtml1/DTD/xhtml1-transitional.dtd">
<html xmlns="http://www.w3.org/1999/xhtml" xml:lang="en" lang="en">
 <head>
  <title>
</title>
<meta http-equiv="Content-Type" content="text/html;charset=utf-8" />
  <meta name='ocr-system' content='tesseract 3.04.00' />
  <meta name='ocr-capabilities' content='ocr_page ocr_carea ocr_par ocr_line ocrx_word'/>
</head>
<body>
  <div class='ocr_page' id='page_1' title='image "./fridericiritsch04ritsgoog_0666.png"; bbox 0 0 2976 5140; ppageno 0'>
   <div class='ocr_carea' id='block_1_1' title="bbox 462 305 1216 368">
    <p class='ocr_par' dir='ltr' id='par_1_1' title="bbox 462 305 1216 368">
     <span class='ocr_line' id='line_1_1' title="bbox 462 305 1216 368; baseline 0 -2"><span class='ocrx_word' id='word_1_1' title='bbox 462 321 507 368; x_wconf 87' lang='lat' dir='ltr'><strong>ns</strong></span> <span class='ocrx_word' id='word_1_2' title='bbox 531 321 600 368; x_wconf 88' lang='lat' dir='ltr'><strong>oso</strong></span> <span class='ocrx_word' id='word_1_3' title='bbox 625 322 668 366; x_wconf 83' lang='lat' dir='ltr'><strong>ss</strong></span> <span class='ocrx_word' id='word_1_4' title='bbox 691 321 832 366; x_wconf 77' lang='lat' dir='ltr'><strong>aaronis.</strong></span> <span class='ocrx_word' id='word_1_5' title='bbox 1155 305 1216 367; x_wconf 74' lang='lat'><strong>637</strong></span> 
     </span>
    </p>
   </div>
   <div class='ocr_carea' id='block_1_2' title="bbox 88 470 1216 1106">
    <p class='ocr_par' dir='ltr' id='par_1_2' title="bbox 88 470 1216 1106">
     <span class='ocr_line' id='line_1_2' title="bbox 91 470 1216 556; baseline -0.002 -20"><span class='ocrx_word' id='word_1_6' title='bbox 91 475 107 536; x_wconf 88' lang='grc' dir='ltr'><strong>ὸ</strong></span> <span class='ocrx_word' id='word_1_7' title='bbox 129 475 272 552; x_wconf 66' lang='lat' dir='ltr'><strong>hirsutior</strong></span> <span class='ocrx_word' id='word_1_8' title='bbox 294 475 429 554; x_wconf 83' lang='grc' dir='ltr'>εἴρηκεν.</span> <span class='ocrx_word' id='word_1_9' title='bbox 477 471 538 536; x_wconf 89' lang='lat' dir='ltr'><strong>Vbi</strong></span> <span class='ocrx_word' id='word_1_10' title='bbox 562 495 656 556; x_wconf 88' lang='lat' dir='ltr'><strong>qnam</strong></span> <span class='ocrx_word' id='word_1_11' title='bbox 681 473 852 555; x_wconf 81' lang='lat' dir='ltr'><strong>expetebat</strong></span> <span class='ocrx_word' id='word_1_12' title='bbox 875 471 1067 534; x_wconf 82' lang='lat' dir='ltr'><strong>l&#39;ritzschins</strong></span> <span class='ocrx_word' id='word_1_13' title='bbox 1095 470 1134 534; x_wconf 94' lang='lat' dir='ltr'><strong>de</strong></span> <span class='ocrx_word' id='word_1_14' title='bbox 1157 471 1216 534; x_wconf 88' lang='lat' dir='ltr'><strong>Ba-</strong></span> 
     </span>
     <span class='ocr_line' id='line_1_3' title="bbox 90 581 1216 666; baseline 0.003 -24"><span class='ocrx_word' id='word_1_15' title='bbox 90 582 213 664; x_wconf 83' lang='lat' dir='ltr'><strong>byloniis</strong></span> <span class='ocrx_word' id='word_1_16' title='bbox 235 606 265 666; x_wconf 87' lang='lat' dir='ltr'><strong>p.</strong></span> <span class='ocrx_word' id='word_1_17' title='bbox 282 583 324 648; x_wconf 77' lang='lat'><strong>‘23</strong></span> <span class='ocrx_word' id='word_1_18' title='bbox 346 585 543 650; x_wconf 85' lang='grc' dir='ltr'>ζώντειον</span> <span class='ocrx_word' id='word_1_19' title='bbox 566 583 713 665; x_wconf 86' lang='lat' dir='ltr'><strong>sormam,</strong></span> <span class='ocrx_word' id='word_1_20' title='bbox 738 605 808 645; x_wconf 87' lang='lat' dir='ltr'><strong>carn</strong></span> <span class='ocrx_word' id='word_1_21' title='bbox 831 587 863 645; x_wconf 90' lang='lat' dir='ltr'><strong>et</strong></span> <span class='ocrx_word' id='word_1_22' title='bbox 885 581 1029 647; x_wconf 87' lang='lat' dir='ltr'><strong>Koenius</strong></span> <span class='ocrx_word' id='word_1_23' title='bbox 1052 582 1161 644; x_wconf 91' lang='lat' dir='ltr'><strong>attulit</strong></span> <span class='ocrx_word' id='word_1_24' title='bbox 1175 582 1216 654; x_wconf 74' lang='lat' dir='ltr'><strong>,in</strong></span> 
     </span>
     <span class='ocr_line' id='line_1_4' title="bbox 89 691 1216 777; baseline 0.004 -25"><span class='ocrx_word' id='word_1_25' title='bbox 89 693 174 776; x_wconf 75' lang='lat' dir='ltr'><strong>(treg.</strong></span> <span class='ocrx_word' id='word_1_26' title='bbox 198 692 267 757; x_wconf 82' lang='lat' dir='ltr'><strong>Cor.</strong></span> <span class='ocrx_word' id='word_1_27' title='bbox 292 716 323 777; x_wconf 94' lang='lat' dir='ltr'><strong>p.</strong></span> <span class='ocrx_word' id='word_1_28' title='bbox 340 693 403 758; x_wconf 79' lang='lat'><strong>568</strong></span> <span class='ocrx_word' id='word_1_29' title='bbox 426 715 443 756; x_wconf 92' lang='lat' dir='ltr'><strong>e</strong></span> <span class='ocrx_word' id='word_1_30' title='bbox 466 693 547 756; x_wconf 90' lang='lat' dir='ltr'><strong>libro</strong></span> <span class='ocrx_word' id='word_1_31' title='bbox 571 693 715 756; x_wconf 78' lang='lat' dir='ltr'><strong>leidensi</strong></span> <span class='ocrx_word' id='word_1_32' title='bbox 741 695 773 755; x_wconf 91' lang='lat' dir='ltr'><strong>ct</strong></span> <span class='ocrx_word' id='word_1_33' title='bbox 788 691 931 756; x_wconf 79' lang='lat' dir='ltr'><strong>Zonaras</strong></span> <span class='ocrx_word' id='word_1_34' title='bbox 952 691 1085 775; x_wconf 90' lang='lat' dir='ltr'><strong>praebet</strong></span> <span class='ocrx_word' id='word_1_35' title='bbox 1107 714 1136 775; x_wconf 93' lang='lat' dir='ltr'><strong>p.</strong></span> <span class='ocrx_word' id='word_1_36' title='bbox 1155 691 1216 756; x_wconf 80' lang='grc'><strong>966</strong></span> 
     </span>
     <span class='ocr_line' id='line_1_5' title="bbox 88 801 1213 886; baseline 0.002 -24"><span class='ocrx_word' id='word_1_37' title='bbox 88 823 264 885; x_wconf 68' lang='lat' dir='ltr'><strong>(quamquam</strong></span> <span class='ocrx_word' id='word_1_38' title='bbox 286 825 427 866; x_wconf 88' lang='lat' dir='ltr'><strong>seorsum</strong></span> <span class='ocrx_word' id='word_1_39' title='bbox 457 804 605 886; x_wconf 80' lang='lat' dir='ltr'><strong>positam.</strong></span> <span class='ocrx_word' id='word_1_40' title='bbox 629 841 671 852; x_wconf 87' lang='lat'><strong>-—</strong></span> <span class='ocrx_word' id='word_1_41' title='bbox 694 801 791 864; x_wconf 88' lang='lat' dir='ltr'><strong>Vides</strong></span> <span class='ocrx_word' id='word_1_42' title='bbox 821 825 871 866; x_wconf 92' lang='lat' dir='ltr'><strong>me</strong></span> <span class='ocrx_word' id='word_1_43' title='bbox 899 825 965 866; x_wconf 92' lang='lat' dir='ltr'><strong>non</strong></span> <span class='ocrx_word' id='word_1_44' title='bbox 987 805 1153 882; x_wconf 90' lang='lat' dir='ltr'><strong>monente,</strong></span> <span class='ocrx_word' id='word_1_45' title='bbox 1182 801 1213 865; x_wconf 94' lang='lat' dir='ltr'><strong>id</strong></span> 
     </span>
     <span class='ocr_line' id='line_1_6' title="bbox 88 910 1216 996; baseline 0.002 -24"><span class='ocrx_word' id='word_1_46' title='bbox 88 910 160 993; x_wconf 89' lang='lat' dir='ltr'><strong>quod</strong></span> <span class='ocrx_word' id='word_1_47' title='bbox 180 911 401 996; x_wconf 86' lang='lat' dir='ltr'><strong>significaham</strong></span> <span class='ocrx_word' id='word_1_48' title='bbox 424 917 536 994; x_wconf 84' lang='lat' dir='ltr'><strong>antea,</strong></span> <span class='ocrx_word' id='word_1_49' title='bbox 568 935 628 976; x_wconf 88' lang='lat' dir='ltr'><strong>neo</strong></span> <span class='ocrx_word' id='word_1_50' title='bbox 651 911 729 974; x_wconf 90' lang='lat' dir='ltr'><strong>hacc</strong></span> <span class='ocrx_word' id='word_1_51' title='bbox 753 915 873 975; x_wconf 88' lang='lat' dir='ltr'><strong>certam</strong></span> <span class='ocrx_word' id='word_1_52' title='bbox 900 934 967 974; x_wconf 89' lang='lat' dir='ltr'><strong>esse</strong></span> <span class='ocrx_word' id='word_1_53' title='bbox 991 911 1216 974; x_wconf 87' lang='lat' dir='ltr'><strong>necessitatem</strong></span> 
     </span>
     <span class='ocr_line' id='line_1_7' title="bbox 88 1019 1092 1106; baseline 0.003 -25"><span class='ocrx_word' id='word_1_54' title='bbox 88 1019 122 1082; x_wconf 89' lang='lat' dir='ltr'><strong>ad</strong></span> <span class='ocrx_word' id='word_1_55' title='bbox 141 1023 398 1106; x_wconf 69' lang='lat' dir='ltr'><strong>orthographiam</strong></span> <span class='ocrx_word' id='word_1_56' title='bbox 422 1023 526 1105; x_wconf 85' lang='lat' dir='ltr'><strong>potius</strong></span> <span class='ocrx_word' id='word_1_57' title='bbox 550 1022 606 1086; x_wconf 88' lang='lat' dir='ltr'><strong>Ori</strong></span> <span class='ocrx_word' id='word_1_58' title='bbox 628 1045 725 1106; x_wconf 90' lang='lat' dir='ltr'><strong>qnam</strong></span> <span class='ocrx_word' id='word_1_59' title='bbox 749 1022 899 1086; x_wconf 83' lang='lat' dir='ltr'><strong>aliorsum</strong></span> <span class='ocrx_word' id='word_1_60' title='bbox 922 1020 1092 1085; x_wconf 84' lang='lat' dir='ltr'><strong>referendi.</strong></span> 
     </span>
    </p>
   </div>
   <div class='ocr_carea' id='block_1_3' title="bbox 595 1219 764 1298">
    <p class='ocr_par' dir='ltr' id='par_1_3' title="bbox 595 1219 764 1298">
     <span class='ocr_line' id='line_1_8' title="bbox 595 1219 764 1298; baseline 0.006 -17"><span class='ocrx_word' id='word_1_61' title='bbox 595 1219 689 1298; x_wconf 73' lang='lat' dir='ltr'><strong>ses.</strong></span> <span class='ocrx_word' id='word_1_62' title='bbox 762 1238 764 1241; x_wconf 94' lang='lat'>·</span> 
     </span>
    </p>
   </div>
   <div class='ocr_carea' id='block_1_4' title="bbox 67 1352 1258 4412">
    <p class='ocr_par' dir='ltr' id='par_1_4' title="bbox 67 1352 1258 4412">
     <span class='ocr_line' id='line_1_9' title="bbox 67 1352 1214 1438; baseline 0.001 -23"><span class='ocrx_word' id='word_1_63' title='bbox 67 1415 73 1435; x_wconf 67' lang='grc'><strong>,</strong></span> <span class='ocrx_word' id='word_1_64' title='bbox 161 1356 186 1416; x_wconf 91' lang='lat' dir='ltr'><strong>l.</strong></span> <span class='ocrx_word' id='word_1_65' title='bbox 221 1353 414 1437; x_wconf 81' lang='lat' dir='ltr'><strong>Progredior</strong></span> <span class='ocrx_word' id='word_1_66' title='bbox 441 1353 482 1416; x_wconf 80' lang='lat' dir='ltr'><strong>ad</strong></span> <span class='ocrx_word' id='word_1_67' title='bbox 511 1355 669 1420; x_wconf 83' lang='grc' dir='ltr'>Ἐθνικά.</span> <span class='ocrx_word' id='word_1_68' title='bbox 715 1354 855 1428; x_wconf 78' lang='lat' dir='ltr'><strong>Quorum</strong></span> <span class='ocrx_word' id='word_1_69' title='bbox 887 1353 946 1416; x_wconf 89' lang='lat' dir='ltr'><strong>etsi</strong></span> <span class='ocrx_word' id='word_1_70' title='bbox 979 1352 1214 1438; x_wconf 81' lang='lat' dir='ltr'><strong>Etymologieo·</strong></span> 
     </span>
     <span class='ocr_line' id='line_1_10' title="bbox 85 1463 1214 1546; baseline 0.001 -21"><span class='ocrx_word' id='word_1_71' title='bbox 85 1481 145 1524; x_wconf 89' lang='lat' dir='ltr'><strong>rum</strong></span> <span class='ocrx_word' id='word_1_72' title='bbox 165 1467 309 1526; x_wconf 77' lang='lat' dir='ltr'><strong>auctores</strong></span> <span class='ocrx_word' id='word_1_73' title='bbox 332 1485 369 1526; x_wconf 91' lang='lat' dir='ltr'><strong>ea</strong></span> <span class='ocrx_word' id='word_1_74' title='bbox 392 1467 518 1526; x_wconf 89' lang='lat' dir='ltr'><strong>tantum</strong></span> <span class='ocrx_word' id='word_1_75' title='bbox 540 1465 607 1526; x_wconf 83' lang='lat' dir='ltr'><strong>lere</strong></span> <span class='ocrx_word' id='word_1_76' title='bbox 623 1467 866 1546; x_wconf 86' lang='lat' dir='ltr'><strong>excerpserunt,</strong></span> <span class='ocrx_word' id='word_1_77' title='bbox 890 1485 971 1546; x_wconf 88' lang='lat' dir='ltr'><strong>quae</strong></span> <span class='ocrx_word' id='word_1_78' title='bbox 994 1463 1034 1526; x_wconf 91' lang='lat' dir='ltr'><strong>ad</strong></span> <span class='ocrx_word' id='word_1_79' title='bbox 1049 1463 1214 1526; x_wconf 87' lang='lat' dir='ltr'><strong>nominum</strong></span> 
     </span>
     <span class='ocr_line' id='line_1_11' title="bbox 85 1571 1214 1656; baseline 0.004 -24"><span class='ocrx_word' id='word_1_80' title='bbox 85 1571 321 1654; x_wconf 78' lang='lat' dir='ltr'><strong>originationem</strong></span> <span class='ocrx_word' id='word_1_81' title='bbox 349 1577 547 1656; x_wconf 87' lang='lat' dir='ltr'><strong>spectarent:</strong></span> <span class='ocrx_word' id='word_1_82' title='bbox 576 1595 672 1656; x_wconf 69' lang='lat' dir='ltr'><strong>(quam</strong></span> <span class='ocrx_word' id='word_1_83' title='bbox 701 1573 867 1636; x_wconf 83' lang='lat' dir='ltr'><strong>latendum</strong></span> <span class='ocrx_word' id='word_1_84' title='bbox 896 1577 945 1636; x_wconf 90' lang='lat' dir='ltr'><strong>est</strong></span> <span class='ocrx_word' id='word_1_85' title='bbox 972 1573 1113 1636; x_wconf 88' lang='lat' dir='ltr'><strong>onmium</strong></span> <span class='ocrx_word' id='word_1_86' title='bbox 1143 1595 1214 1656; x_wconf 91' lang='lat' dir='ltr'><strong>par·</strong></span> 
     </span>
     <span class='ocr_line' id='line_1_12' title="bbox 84 1682 1213 1767; baseline 0.003 -24"><span class='ocrx_word' id='word_1_87' title='bbox 84 1683 138 1744; x_wconf 88' lang='lat' dir='ltr'><strong>tem</strong></span> <span class='ocrx_word' id='word_1_88' title='bbox 164 1705 231 1746; x_wconf 90' lang='lat' dir='ltr'><strong>csse</strong></span> <span class='ocrx_word' id='word_1_89' title='bbox 259 1683 494 1747; x_wconf 78' lang='lat' dir='ltr'><strong>tenuissimam:</strong></span> <span class='ocrx_word' id='word_1_90' title='bbox 527 1687 635 1748; x_wconf 90' lang='lat' dir='ltr'><strong>tamen</strong></span> <span class='ocrx_word' id='word_1_91' title='bbox 664 1705 705 1747; x_wconf 90' lang='lat' dir='ltr'><strong>ne</strong></span> <span class='ocrx_word' id='word_1_92' title='bbox 738 1684 784 1746; x_wconf 86' lang='lat' dir='ltr'><strong>sic</strong></span> <span class='ocrx_word' id='word_1_93' title='bbox 816 1683 942 1767; x_wconf 90' lang='lat' dir='ltr'><strong>quidem</strong></span> <span class='ocrx_word' id='word_1_94' title='bbox 976 1683 1102 1746; x_wconf 84' lang='lat' dir='ltr'><strong>efficere</strong></span> <span class='ocrx_word' id='word_1_95' title='bbox 1136 1682 1213 1746; x_wconf 91' lang='lat' dir='ltr'><strong>illud</strong></span> 
     </span>
     <span class='ocr_line' id='line_1_13' title="bbox 85 1793 1214 1878; baseline 0.005 -26"><span class='ocrx_word' id='word_1_96' title='bbox 85 1795 257 1875; x_wconf 68' lang='lat' dir='ltr'><strong>potuerim,</strong></span> <span class='ocrx_word' id='word_1_97' title='bbox 294 1798 345 1875; x_wconf 82' lang='lat' dir='ltr'><strong>ut,</strong></span> <span class='ocrx_word' id='word_1_98' title='bbox 380 1815 475 1876; x_wconf 83' lang='lat' dir='ltr'><strong>quarn</strong></span> <span class='ocrx_word' id='word_1_99' title='bbox 510 1793 600 1876; x_wconf 88' lang='lat' dir='ltr'><strong>larga</strong></span> <span class='ocrx_word' id='word_1_100' title='bbox 631 1815 736 1856; x_wconf 89' lang='lat' dir='ltr'><strong>rernm</strong></span> <span class='ocrx_word' id='word_1_101' title='bbox 773 1793 1090 1876; x_wconf 84' lang='lat' dir='ltr'><strong>exquisitissimarum</strong></span> <span class='ocrx_word' id='word_1_102' title='bbox 1123 1795 1214 1878; x_wconf 90' lang='lat' dir='ltr'><strong>copia</strong></span> 
     </span>
     <span class='ocr_line' id='line_1_14' title="bbox 84 1903 1213 1986; baseline 0.002 -22"><span class='ocrx_word' id='word_1_103' title='bbox 84 1903 270 1980; x_wconf 88' lang='lat' dir='ltr'><strong>praeclarum</strong></span> <span class='ocrx_word' id='word_1_104' title='bbox 293 1925 372 1984; x_wconf 88' lang='lat' dir='ltr'><strong>opus</strong></span> <span class='ocrx_word' id='word_1_105' title='bbox 395 1904 546 1966; x_wconf 81' lang='lat' dir='ltr'><strong>refertum</strong></span> <span class='ocrx_word' id='word_1_106' title='bbox 569 1903 681 1984; x_wconf 86' lang='lat' dir='ltr'><strong>t&#39;nerit,</strong></span> <span class='ocrx_word' id='word_1_107' title='bbox 711 1925 775 1966; x_wconf 92' lang='lat' dir='ltr'><strong>non</strong></span> <span class='ocrx_word' id='word_1_108' title='bbox 798 1903 1023 1986; x_wconf 64' lang='lat' dir='ltr'><strong>intellegamus</strong></span> <span class='ocrx_word' id='word_1_109' title='bbox 1046 1903 1213 1968; x_wconf 87' lang='lat' dir='ltr'><strong>evidentis-</strong></span> 
     </span>
     <span class='ocr_line' id='line_1_15' title="bbox 83 2009 1213 2096; baseline 0.005 -26"><span class='ocrx_word' id='word_1_110' title='bbox 83 2009 159 2074; x_wconf 87' lang='lat' dir='ltr'><strong>sime.</strong></span> <span class='ocrx_word' id='word_1_111' title='bbox 190 2015 298 2096; x_wconf 85' lang='lat' dir='ltr'><strong>Atque</strong></span> <span class='ocrx_word' id='word_1_112' title='bbox 314 2010 366 2076; x_wconf 88' lang='lat' dir='ltr'><strong>hie</strong></span> <span class='ocrx_word' id='word_1_113' title='bbox 382 2013 537 2094; x_wconf 86' lang='lat' dir='ltr'><strong>imprimis</strong></span> <span class='ocrx_word' id='word_1_114' title='bbox 553 2013 645 2076; x_wconf 90' lang='lat' dir='ltr'><strong>uobis</strong></span> <span class='ocrx_word' id='word_1_115' title='bbox 661 2011 816 2074; x_wconf 84' lang='lat' dir='ltr'><strong>dolendae</strong></span> <span class='ocrx_word' id='word_1_116' title='bbox 832 2017 907 2076; x_wconf 89' lang='lat' dir='ltr'><strong>sunt</strong></span> <span class='ocrx_word' id='word_1_117' title='bbox 923 2011 1015 2076; x_wconf 87' lang='lat' dir='ltr'><strong>huin&#39;s</strong></span> <span class='ocrx_word' id='word_1_118' title='bbox 1030 2013 1213 2096; x_wconf 81' lang='lat' dir='ltr'><strong>scriptionis</strong></span> 
     </span>
     <span class='ocr_line' id='line_1_16' title="bbox 82 2121 1212 2206; baseline 0.007 -26"><span class='ocrx_word' id='word_1_119' title='bbox 82 2123 255 2204; x_wconf 87' lang='lat' dir='ltr'><strong>angustiae,</strong></span> <span class='ocrx_word' id='word_1_120' title='bbox 287 2121 400 2206; x_wconf 88' lang='lat' dir='ltr'><strong>quibus</strong></span> <span class='ocrx_word' id='word_1_121' title='bbox 430 2121 650 2204; x_wconf 79' lang='lat' dir='ltr'><strong>vehementer,</strong></span> <span class='ocrx_word' id='word_1_122' title='bbox 679 2122 847 2205; x_wconf 87' lang='lat' dir='ltr'><strong>quominus</strong></span> <span class='ocrx_word' id='word_1_123' title='bbox 875 2123 946 2184; x_wconf 86' lang='lat' dir='ltr'><strong>aliis</strong></span> <span class='ocrx_word' id='word_1_124' title='bbox 974 2145 1097 2206; x_wconf 70' lang='lat' dir='ltr'><strong>(qnoque</strong></span> <span class='ocrx_word' id='word_1_125' title='bbox 1124 2125 1212 2188; x_wconf 90' lang='lat' dir='ltr'><strong>illam</strong></span> 
     </span>
     <span class='ocr_line' id='line_1_17' title="bbox 81 2231 1212 2318; baseline 0.006 -27"><span class='ocrx_word' id='word_1_126' title='bbox 81 2233 301 2310; x_wconf 84' lang='lat' dir='ltr'><strong>praestantiam</strong></span> <span class='ocrx_word' id='word_1_127' title='bbox 325 2233 452 2314; x_wconf 90' lang='lat' dir='ltr'><strong>penitus</strong></span> <span class='ocrx_word' id='word_1_128' title='bbox 475 2231 737 2314; x_wconf 84' lang='lat' dir='ltr'><strong>persuadeamus,</strong></span> <span class='ocrx_word' id='word_1_129' title='bbox 761 2232 975 2314; x_wconf 81' lang='lat' dir='ltr'><strong>prohibemur.</strong></span> <span class='ocrx_word' id='word_1_130' title='bbox 1014 2234 1212 2318; x_wconf 76' lang='lat' dir='ltr'><strong>Quamquam</strong></span> 
     </span>
     <span class='ocr_line' id='line_1_18' title="bbox 80 2319 1212 2426; baseline 0.007 -26"><span class='ocrx_word' id='word_1_131' title='bbox 80 2341 151 2420; x_wconf 86' lang='lat' dir='ltr'><strong>quod</strong></span> <span class='ocrx_word' id='word_1_132' title='bbox 179 2343 275 2406; x_wconf 89' lang='lat' dir='ltr'><strong>hodie</strong></span> <span class='ocrx_word' id='word_1_133' title='bbox 303 2343 372 2404; x_wconf 89' lang='lat' dir='ltr'><strong>lieri</strong></span> <span class='ocrx_word' id='word_1_134' title='bbox 400 2364 464 2404; x_wconf 91' lang='lat' dir='ltr'><strong>nou</strong></span> <span class='ocrx_word' id='word_1_135' title='bbox 489 2319 579 2422; x_wconf 87' lang='lat' dir='ltr'><strong>licet,</strong></span> <span class='ocrx_word' id='word_1_136' title='bbox 609 2341 642 2404; x_wconf 94' lang='lat' dir='ltr'><strong>id</strong></span> <span class='ocrx_word' id='word_1_137' title='bbox 670 2365 833 2426; x_wconf 89' lang='lat' dir='ltr'><strong>speramus</strong></span> <span class='ocrx_word' id='word_1_138' title='bbox 855 2343 923 2406; x_wconf 84' lang='lat' dir='ltr'><strong>fore</strong></span> <span class='ocrx_word' id='word_1_139' title='bbox 948 2347 982 2405; x_wconf 92' lang='lat' dir='ltr'><strong>nt</strong></span> <span class='ocrx_word' id='word_1_140' title='bbox 1004 2343 1128 2426; x_wconf 85' lang='lat' dir='ltr'><strong>plenius</strong></span> <span class='ocrx_word' id='word_1_141' title='bbox 1155 2345 1212 2408; x_wconf 89' lang='lat' dir='ltr'><strong>ali·</strong></span> 
     </span>
     <span class='ocr_line' id='line_1_19' title="bbox 79 2451 1212 2536; baseline 0.009 -28"><span class='ocrx_word' id='word_1_142' title='bbox 79 2451 193 2530; x_wconf 88' lang='lat' dir='ltr'><strong>qnando</strong></span> <span class='ocrx_word' id='word_1_143' title='bbox 215 2473 275 2535; x_wconf 89' lang='lat' dir='ltr'><strong>per</strong></span> <span class='ocrx_word' id='word_1_144' title='bbox 297 2451 394 2516; x_wconf 88' lang='lat' dir='ltr'><strong>aliam</strong></span> <span class='ocrx_word' id='word_1_145' title='bbox 417 2473 549 2536; x_wconf 89' lang='lat' dir='ltr'><strong>eamque</strong></span> <span class='ocrx_word' id='word_1_146' title='bbox 572 2453 613 2515; x_wconf 89' lang='lat' dir='ltr'><strong>ab</strong></span> <span class='ocrx_word' id='word_1_147' title='bbox 635 2453 696 2528; x_wconf 84' lang='lat' dir='ltr'><strong>hac</strong></span> <span class='ocrx_word' id='word_1_148' title='bbox 718 2453 852 2516; x_wconf 91' lang='lat' dir='ltr'><strong>multum</strong></span> <span class='ocrx_word' id='word_1_149' title='bbox 874 2453 1032 2516; x_wconf 87' lang='lat' dir='ltr'><strong>diversam</strong></span> <span class='ocrx_word' id='word_1_150' title='bbox 1055 2476 1212 2518; x_wconf 89' lang='lat' dir='ltr'><strong>commen·</strong></span> 
     </span>
     <span class='ocr_line' id='line_1_20' title="bbox 79 2561 1212 2648; baseline 0.006 -27"><span class='ocrx_word' id='word_1_151' title='bbox 79 2561 157 2623; x_wconf 88' lang='lat' dir='ltr'><strong>tundi</strong></span> <span class='ocrx_word' id='word_1_152' title='bbox 179 2562 455 2645; x_wconf 88' lang='lat' dir='ltr'><strong>opportunitatem</strong></span> <span class='ocrx_word' id='word_1_153' title='bbox 479 2583 728 2645; x_wconf 77' lang='lat' dir='ltr'><strong>compensemus.</strong></span> <span class='ocrx_word' id='word_1_154' title='bbox 767 2562 927 2636; x_wconf 79' lang='lat' dir='ltr'><strong>Quantam</strong></span> <span class='ocrx_word' id='word_1_155' title='bbox 950 2567 1056 2628; x_wconf 86' lang='lat' dir='ltr'><strong>autern</strong></span> <span class='ocrx_word' id='word_1_156' title='bbox 1080 2587 1212 2648; x_wconf 87' lang='lat' dir='ltr'><strong>cumque</strong></span> 
     </span>
     <span class='ocr_line' id='line_1_21' title="bbox 79 2668 1211 2758; baseline 0.008 -29"><span class='ocrx_word' id='word_1_157' title='bbox 79 2668 106 2730; x_wconf 89' lang='lat' dir='ltr'><strong>iu</strong></span> <span class='ocrx_word' id='word_1_158' title='bbox 127 2671 262 2736; x_wconf 85' lang='lat' dir='ltr'><strong>ethnicis</strong></span> <span class='ocrx_word' id='word_1_159' title='bbox 286 2671 342 2736; x_wconf 89' lang='lat' dir='ltr'><strong>Ori</strong></span> <span class='ocrx_word' id='word_1_160' title='bbox 374 2672 565 2755; x_wconf 84' lang='lat' dir='ltr'><strong>fragmentis</strong></span> <span class='ocrx_word' id='word_1_161' title='bbox 593 2673 797 2757; x_wconf 84' lang='lat' dir='ltr'><strong>agnoscimus</strong></span> <span class='ocrx_word' id='word_1_162' title='bbox 825 2673 1053 2756; x_wconf 88' lang='lat' dir='ltr'><strong>antiquitatum</strong></span> <span class='ocrx_word' id='word_1_163' title='bbox 1081 2697 1211 2758; x_wconf 85' lang='lat' dir='ltr'><strong>graeca-</strong></span> 
     </span>
     <span class='ocr_line' id='line_1_22' title="bbox 78 2782 1210 2870; baseline 0.005 -28"><span class='ocrx_word' id='word_1_164' title='bbox 78 2799 138 2842; x_wconf 91' lang='lat' dir='ltr'><strong>mm</strong></span> <span class='ocrx_word' id='word_1_165' title='bbox 166 2782 379 2845; x_wconf 90' lang='lat' dir='ltr'><strong>eruditionem</strong></span> <span class='ocrx_word' id='word_1_166' title='bbox 408 2803 573 2865; x_wconf 85' lang='lat' dir='ltr'><strong>rerumque</strong></span> <span class='ocrx_word' id='word_1_167' title='bbox 606 2782 835 2865; x_wconf 64' lang='lat' dir='ltr'><strong>mythieannm</strong></span> <span class='ocrx_word' id='word_1_168' title='bbox 868 2782 1106 2866; x_wconf 87' lang='lat' dir='ltr'><strong>historicarum,</strong></span> <span class='ocrx_word' id='word_1_169' title='bbox 1137 2807 1210 2870; x_wconf 85' lang='lat' dir='ltr'><strong>geo-</strong></span> 
     </span>
     <span class='ocr_line' id='line_1_23' title="bbox 77 2892 1211 2978; baseline 0.006 -26"><span class='ocrx_word' id='word_1_170' title='bbox 77 2892 295 2974; x_wconf 87' lang='lat' dir='ltr'><strong>graphicarum</strong></span> <span class='ocrx_word' id='word_1_171' title='bbox 319 2892 510 2956; x_wconf 85' lang='lat' dir='ltr'><strong>ubertatem:</strong></span> <span class='ocrx_word' id='word_1_172' title='bbox 541 2914 712 2976; x_wconf 90' lang='lat' dir='ltr'><strong>numquam</strong></span> <span class='ocrx_word' id='word_1_173' title='bbox 742 2897 937 2957; x_wconf 89' lang='lat' dir='ltr'><strong>tamennon</strong></span> <span class='ocrx_word' id='word_1_174' title='bbox 965 2894 1139 2978; x_wconf 88' lang='lat' dir='ltr'><strong>diligenter</strong></span> <span class='ocrx_word' id='word_1_175' title='bbox 1164 2917 1211 2959; x_wconf 94' lang='lat' dir='ltr'><strong>re-</strong></span> 
     </span>
     <span class='ocr_line' id='line_1_24' title="bbox 78 3000 1258 3086; baseline 0.008 -26"><span class='ocrx_word' id='word_1_176' title='bbox 78 3000 263 3066; x_wconf 86' lang='lat' dir='ltr'><strong>cordandum</strong></span> <span class='ocrx_word' id='word_1_177' title='bbox 285 3001 346 3064; x_wconf 90' lang='lat' dir='ltr'><strong>hoc</strong></span> <span class='ocrx_word' id='word_1_178' title='bbox 369 3009 432 3084; x_wconf 85' lang='lat' dir='ltr'><strong>est,</strong></span> <span class='ocrx_word' id='word_1_179' title='bbox 456 3003 702 3086; x_wconf 90' lang='lat' dir='ltr'><strong>grammaticum</strong></span> <span class='ocrx_word' id='word_1_180' title='bbox 725 3026 793 3066; x_wconf 90' lang='lat' dir='ltr'><strong>esse</strong></span> <span class='ocrx_word' id='word_1_181' title='bbox 816 3004 849 3066; x_wconf 91' lang='lat' dir='ltr'><strong>in</strong></span> <span class='ocrx_word' id='word_1_182' title='bbox 872 3027 933 3086; x_wconf 91' lang='lat' dir='ltr'><strong>quo</strong></span> <span class='ocrx_word' id='word_1_183' title='bbox 949 3026 1119 3086; x_wconf 85' lang='lat' dir='ltr'><strong>versemur,</strong></span> <span class='ocrx_word' id='word_1_184' title='bbox 1144 3028 1209 3070; x_wconf 93' lang='lat' dir='ltr'><strong>non</strong></span> <span class='ocrx_word' id='word_1_185' title='bbox 1228 3023 1258 3072; x_wconf 78' lang='lat' dir='ltr'><strong>or</strong></span> 
     </span>
     <span class='ocr_line' id='line_1_25' title="bbox 77 3111 1209 3196; baseline 0.006 -24"><span class='ocrx_word' id='word_1_186' title='bbox 77 3113 288 3195; x_wconf 81' lang='lat' dir='ltr'><strong>geographum</strong></span> <span class='ocrx_word' id='word_1_187' title='bbox 312 3111 553 3196; x_wconf 67' lang='lat' dir='ltr'><strong>historicum,</strong></span> <span class='ocrx_word' id='word_1_188' title='bbox 585 3137 643 3178; x_wconf 88' lang='lat' dir='ltr'><strong>nec</strong></span> <span class='ocrx_word' id='word_1_189' title='bbox 672 3114 875 3176; x_wconf 85' lang='lat' dir='ltr'><strong>historiarum</strong></span> <span class='ocrx_word' id='word_1_190' title='bbox 905 3137 1018 3178; x_wconf 82' lang='lat' dir='ltr'><strong>emissa</strong></span> <span class='ocrx_word' id='word_1_191' title='bbox 1048 3115 1209 3180; x_wconf 89' lang='lat' dir='ltr'><strong>illustran-</strong></span> 
     </span>
     <span class='ocr_line' id='line_1_26' title="bbox 76 3216 1209 3310; baseline 0.009 -30"><span class='ocrx_word' id='word_1_192' title='bbox 76 3216 175 3285; x_wconf 87' lang='lat' dir='ltr'><strong>damm</strong></span> <span class='ocrx_word' id='word_1_193' title='bbox 198 3223 273 3286; x_wconf 82' lang='lat' dir='ltr'><strong>illas</strong></span> <span class='ocrx_word' id='word_1_194' title='bbox 297 3223 405 3305; x_wconf 70' lang='lat' dir='ltr'><strong>coquas</strong></span> <span class='ocrx_word' id='word_1_195' title='bbox 428 3225 574 3308; x_wconf 72' lang='lat' dir='ltr'><strong>cimgeri,</strong></span> <span class='ocrx_word' id='word_1_196' title='bbox 604 3223 658 3286; x_wconf 91' lang='lat' dir='ltr'><strong>sed</strong></span> <span class='ocrx_word' id='word_1_197' title='bbox 687 3225 726 3287; x_wconf 91' lang='lat' dir='ltr'><strong>ad</strong></span> <span class='ocrx_word' id='word_1_198' title='bbox 750 3225 996 3307; x_wconf 89' lang='lat' dir='ltr'><strong>promovendmn</strong></span> <span class='ocrx_word' id='word_1_199' title='bbox 1024 3227 1209 3310; x_wconf 83' lang='lat' dir='ltr'><strong>grannnati·</strong></span> 
     </span>
     <span class='ocr_line' id='line_1_27' title="bbox 77 3332 1208 3420; baseline 0.007 -30"><span class='ocrx_word' id='word_1_200' title='bbox 77 3337 274 3396; x_wconf 84' lang='lat' dir='ltr'><strong>camertem.</strong></span> <span class='ocrx_word' id='word_1_201' title='bbox 319 3332 388 3396; x_wconf 88' lang='lat' dir='ltr'><strong>Nec</strong></span> <span class='ocrx_word' id='word_1_202' title='bbox 410 3333 496 3396; x_wconf 90' lang='lat' dir='ltr'><strong>alind</strong></span> <span class='ocrx_word' id='word_1_203' title='bbox 519 3333 701 3398; x_wconf 90' lang='lat' dir='ltr'><strong>institutum</strong></span> <span class='ocrx_word' id='word_1_204' title='bbox 731 3339 858 3398; x_wconf 87' lang='lat' dir='ltr'><strong>constat</strong></span> <span class='ocrx_word' id='word_1_205' title='bbox 880 3336 1035 3420; x_wconf 72' lang='lat' dir='ltr'><strong>Stephani</strong></span> <span class='ocrx_word' id='word_1_206' title='bbox 1060 3335 1208 3420; x_wconf 86' lang='lat' dir='ltr'><strong>Byzantii</strong></span> 
     </span>
     <span class='ocr_line' id='line_1_28' title="bbox 76 3443 1207 3526; baseline 0.011 -27"><span class='ocrx_word' id='word_1_207' title='bbox 76 3463 144 3504; x_wconf 81' lang='lat' dir='ltr'><strong>csse.</strong></span> <span class='ocrx_word' id='word_1_208' title='bbox 188 3443 238 3506; x_wconf 82' lang='lat' dir='ltr'><strong>Ac</strong></span> <span class='ocrx_word' id='word_1_209' title='bbox 262 3443 301 3506; x_wconf 93' lang='lat' dir='ltr'><strong>de</strong></span> <span class='ocrx_word' id='word_1_210' title='bbox 324 3445 389 3508; x_wconf 91' lang='lat' dir='ltr'><strong>Oro</strong></span> <span class='ocrx_word' id='word_1_211' title='bbox 417 3443 512 3526; x_wconf 90' lang='lat' dir='ltr'><strong>plane</strong></span> <span class='ocrx_word' id='word_1_212' title='bbox 541 3443 624 3507; x_wconf 91' lang='lat' dir='ltr'><strong>idem</strong></span> <span class='ocrx_word' id='word_1_213' title='bbox 653 3449 814 3508; x_wconf 84' lang='lat' dir='ltr'><strong>testantur</strong></span> <span class='ocrx_word' id='word_1_214' title='bbox 837 3447 952 3510; x_wconf 74' lang='lat' dir='ltr'><strong>Suidao</strong></span> <span class='ocrx_word' id='word_1_215' title='bbox 976 3447 1088 3510; x_wconf 90' lang='lat' dir='ltr'><strong>verba:</strong></span> <span class='ocrx_word' id='word_1_216' title='bbox 1117 3447 1207 3512; x_wconf 75' lang='lat' dir='ltr'><strong>duint</strong></span> 
     </span>
     <span class='ocr_line' id='line_1_29' title="bbox 75 3551 1207 3638; baseline 0.004 -22"><span class='ocrx_word' id='word_1_217' title='bbox 75 3551 108 3612; x_wconf 80' lang='grc' dir='ltr'><strong>τὰ</strong></span> <span class='ocrx_word' id='word_1_218' title='bbox 133 3553 238 3618; x_wconf 67' lang='lat' dir='ltr'><strong>sevies</strong></span> <span class='ocrx_word' id='word_1_219' title='bbox 268 3555 406 3620; x_wconf 83' lang='grc' dir='ltr'>λεκτέον.</span> <span class='ocrx_word' id='word_1_220' title='bbox 452 3553 500 3616; x_wconf 89' lang='lat' dir='ltr'><strong>Ne</strong></span> <span class='ocrx_word' id='word_1_221' title='bbox 527 3555 596 3638; x_wconf 90' lang='lat' dir='ltr'><strong>quis</strong></span> <span class='ocrx_word' id='word_1_222' title='bbox 625 3559 732 3618; x_wconf 89' lang='lat' dir='ltr'><strong>autem</strong></span> <span class='ocrx_word' id='word_1_223' title='bbox 765 3579 802 3618; x_wconf 90' lang='lat' dir='ltr'><strong>co</strong></span> <span class='ocrx_word' id='word_1_224' title='bbox 832 3556 977 3620; x_wconf 89' lang='lat' dir='ltr'><strong>imminui</strong></span> <span class='ocrx_word' id='word_1_225' title='bbox 1009 3557 1064 3620; x_wconf 82' lang='lat' dir='ltr'><strong>Ori</strong></span> <span class='ocrx_word' id='word_1_226' title='bbox 1098 3557 1207 3620; x_wconf 87' lang='lat' dir='ltr'><strong>landes</strong></span> 
     </span>
     <span class='ocr_line' id='line_1_30' title="bbox 74 3663 1206 3750; baseline 0.009 -30"><span class='ocrx_word' id='word_1_227' title='bbox 74 3663 258 3746; x_wconf 86' lang='lat' dir='ltr'><strong>suspicatur,</strong></span> <span class='ocrx_word' id='word_1_228' title='bbox 288 3663 371 3748; x_wconf 91' lang='lat' dir='ltr'><strong>qnod</strong></span> <span class='ocrx_word' id='word_1_229' title='bbox 400 3663 433 3728; x_wconf 91' lang='lat' dir='ltr'><strong>in</strong></span> <span class='ocrx_word' id='word_1_230' title='bbox 462 3663 602 3728; x_wconf 84' lang='lat' dir='ltr'><strong>eiusdem</strong></span> <span class='ocrx_word' id='word_1_231' title='bbox 626 3667 782 3748; x_wconf 73' lang='lat' dir='ltr'><strong>Stephani</strong></span> <span class='ocrx_word' id='word_1_232' title='bbox 811 3666 895 3731; x_wconf 90' lang='lat' dir='ltr'><strong>illins</strong></span> <span class='ocrx_word' id='word_1_233' title='bbox 923 3666 1064 3730; x_wconf 85' lang='lat' dir='ltr'><strong>Ethnica</strong></span> <span class='ocrx_word' id='word_1_234' title='bbox 1086 3668 1206 3750; x_wconf 88' lang='lat' dir='ltr'><strong>plerae-</strong></span> 
     </span>
     <span class='ocr_line' id='line_1_31' title="bbox 74 3772 1205 3861; baseline 0.008 -30"><span class='ocrx_word' id='word_1_235' title='bbox 74 3791 126 3850; x_wconf 88' lang='lat' dir='ltr'><strong>que</strong></span> <span class='ocrx_word' id='word_1_236' title='bbox 141 3772 194 3836; x_wconf 85' lang='lat' dir='ltr'><strong>(lri</strong></span> <span class='ocrx_word' id='word_1_237' title='bbox 219 3775 403 3838; x_wconf 88' lang='lat' dir='ltr'><strong>notationes</strong></span> <span class='ocrx_word' id='word_1_238' title='bbox 426 3775 626 3838; x_wconf 87' lang='lat' dir='ltr'><strong>transierint:</strong></span> <span class='ocrx_word' id='word_1_239' title='bbox 652 3777 844 3840; x_wconf 89' lang='lat' dir='ltr'><strong>contrarium</strong></span> <span class='ocrx_word' id='word_1_240' title='bbox 868 3779 973 3858; x_wconf 92' lang='lat' dir='ltr'><strong>potius</strong></span> <span class='ocrx_word' id='word_1_241' title='bbox 996 3777 1057 3841; x_wconf 92' lang='lat' dir='ltr'><strong>sibi</strong></span> <span class='ocrx_word' id='word_1_242' title='bbox 1079 3799 1205 3861; x_wconf 88' lang='lat' dir='ltr'><strong>persua-</strong></span> 
     </span>
     <span class='ocr_line' id='line_1_32' title="bbox 73 3879 1204 3970; baseline 0.01 -31"><span class='ocrx_word' id='word_1_243' title='bbox 73 3879 140 3942; x_wconf 85' lang='lat' dir='ltr'><strong>deat</strong></span> <span class='ocrx_word' id='word_1_244' title='bbox 170 3905 301 3948; x_wconf 89' lang='lat' dir='ltr'><strong>necesse</strong></span> <span class='ocrx_word' id='word_1_245' title='bbox 334 3887 399 3966; x_wconf 87' lang='lat' dir='ltr'><strong>est,</strong></span> <span class='ocrx_word' id='word_1_246' title='bbox 433 3885 486 3968; x_wconf 92' lang='lat' dir='ltr'><strong>qui</strong></span> <span class='ocrx_word' id='word_1_247' title='bbox 516 3884 691 3948; x_wconf 88' lang='lat' dir='ltr'><strong>llerodiani</strong></span> <span class='ocrx_word' id='word_1_248' title='bbox 725 3885 903 3950; x_wconf 88' lang='lat' dir='ltr'><strong>doctrinam</strong></span> <span class='ocrx_word' id='word_1_249' title='bbox 939 3911 1007 3951; x_wconf 86' lang='lat' dir='ltr'><strong>esse</strong></span> <span class='ocrx_word' id='word_1_250' title='bbox 1037 3888 1204 3970; x_wconf 78' lang='lat' dir='ltr'><strong>reputant,</strong></span> 
     </span>
     <span class='ocr_line' id='line_1_33' title="bbox 72 3993 1203 4082; baseline 0.009 -31"><span class='ocrx_word' id='word_1_251' title='bbox 72 4011 128 4070; x_wconf 88' lang='lat' dir='ltr'><strong>qua</strong></span> <span class='ocrx_word' id='word_1_252' title='bbox 157 3993 287 4078; x_wconf 85' lang='lat' dir='ltr'><strong>singula</strong></span> <span class='ocrx_word' id='word_1_253' title='bbox 320 3995 501 4078; x_wconf 81' lang='lat' dir='ltr'><strong>Stephanus</strong></span> <span class='ocrx_word' id='word_1_254' title='bbox 535 3999 706 4079; x_wconf 87' lang='lat' dir='ltr'><strong>praecepta</strong></span> <span class='ocrx_word' id='word_1_255' title='bbox 737 4019 794 4059; x_wconf 87' lang='lat' dir='ltr'><strong>sua</strong></span> <span class='ocrx_word' id='word_1_256' title='bbox 825 3997 914 4082; x_wconf 74' lang='lat' dir='ltr'><strong>qumi</strong></span> <span class='ocrx_word' id='word_1_257' title='bbox 948 3999 1203 4081; x_wconf 88' lang='lat' dir='ltr'><strong>superstruxerit.</strong></span> 
     </span>
     <span class='ocr_line' id='line_1_34' title="bbox 75 4095 1205 4192; baseline 0.011 -32"><span class='ocrx_word' id='word_1_258' title='bbox 75 4095 113 4160; x_wconf 82' lang='lat' dir='ltr'><strong>l&#39;t</strong></span> <span class='ocrx_word' id='word_1_259' title='bbox 137 4101 242 4166; x_wconf 86' lang='lat' dir='ltr'><strong>hercle</strong></span> <span class='ocrx_word' id='word_1_260' title='bbox 271 4126 385 4188; x_wconf 89' lang='lat' dir='ltr'><strong>operae</strong></span> <span class='ocrx_word' id='word_1_261' title='bbox 417 4105 555 4188; x_wconf 89' lang='lat' dir='ltr'><strong>pretium</strong></span> <span class='ocrx_word' id='word_1_262' title='bbox 582 4107 725 4168; x_wconf 84' lang='lat' dir='ltr'><strong>sactums</strong></span> <span class='ocrx_word' id='word_1_263' title='bbox 748 4130 815 4170; x_wconf 86' lang='lat' dir='ltr'><strong>csse</strong></span> <span class='ocrx_word' id='word_1_264' title='bbox 838 4108 992 4190; x_wconf 79' lang='lat' dir='ltr'><strong>videatur,</strong></span> <span class='ocrx_word' id='word_1_265' title='bbox 1020 4109 1074 4192; x_wconf 92' lang='lat' dir='ltr'><strong>qui</strong></span> <span class='ocrx_word' id='word_1_266' title='bbox 1103 4131 1120 4172; x_wconf 89' lang='lat' dir='ltr'><strong>e</strong></span> <span class='ocrx_word' id='word_1_267' title='bbox 1144 4109 1205 4172; x_wconf 92' lang='lat' dir='ltr'><strong>col·</strong></span> 
     </span>
     <span class='ocr_line' id='line_1_35' title="bbox 73 4206 1204 4304; baseline 0.011 -35"><span class='ocrx_word' id='word_1_268' title='bbox 73 4206 156 4274; x_wconf 86' lang='lat' dir='ltr'><strong>lectis</strong></span> <span class='ocrx_word' id='word_1_269' title='bbox 183 4215 320 4298; x_wconf 86' lang='lat' dir='ltr'><strong>singulis</strong></span> <span class='ocrx_word' id='word_1_270' title='bbox 353 4215 527 4300; x_wconf 84' lang='lat' dir='ltr'><strong>quibusque</strong></span> <span class='ocrx_word' id='word_1_271' title='bbox 555 4215 711 4299; x_wconf 72' lang='lat' dir='ltr'><strong>Stephani</strong></span> <span class='ocrx_word' id='word_1_272' title='bbox 739 4217 883 4280; x_wconf 85' lang='lat' dir='ltr'><strong>frustulis</strong></span> <span class='ocrx_word' id='word_1_273' title='bbox 917 4218 1077 4304; x_wconf 86' lang='lat' dir='ltr'><strong>integram</strong></span> <span class='ocrx_word' id='word_1_274' title='bbox 1105 4217 1204 4282; x_wconf 89' lang='lat' dir='ltr'><strong>Hero·</strong></span> 
     </span>
     <span class='ocr_line' id='line_1_36' title="bbox 73 4317 1204 4412; baseline 0.012 -34"><span class='ocrx_word' id='word_1_275' title='bbox 73 4317 151 4384; x_wconf 76' lang='lat' dir='ltr'><strong>charri</strong></span> <span class='ocrx_word' id='word_1_276' title='bbox 174 4323 352 4390; x_wconf 86' lang='lat' dir='ltr'><strong>doctrinam</strong></span> <span class='ocrx_word' id='word_1_277' title='bbox 376 4326 554 4389; x_wconf 85' lang='lat' dir='ltr'><strong>instaurare</strong></span> <span class='ocrx_word' id='word_1_278' title='bbox 577 4327 741 4408; x_wconf 86' lang='lat' dir='ltr'><strong>suscipiat.</strong></span> <span class='ocrx_word' id='word_1_279' title='bbox 788 4329 904 4392; x_wconf 90' lang='lat' dir='ltr'><strong>Parum</strong></span> <span class='ocrx_word' id='word_1_280' title='bbox 932 4329 1032 4412; x_wconf 88' lang='lat' dir='ltr'><strong>igitur</strong></span> <span class='ocrx_word' id='word_1_281' title='bbox 1055 4329 1204 4394; x_wconf 89' lang='lat' dir='ltr'><strong>utilitatis</strong></span> 
     </span>
    </p>
   </div>
   <div class='ocr_carea' id='block_1_5' title="bbox 0 0 1492 5140">
    <p class='ocr_par' dir='ltr' id='par_1_5' title="bbox 0 0 1492 5140">
     <span class='ocr_line' id='line_1_37' title="bbox 0 0 1492 5140; baseline 0 6"><span class='ocrx_word' id='word_1_282' title='bbox 0 0 1492 5140; x_wconf 95' lang='lat' dir='ltr'><strong> </strong></span> 
     </span>
    </p>
   </div>
  </div>
 </body>
</html>
