2954 5134
282 305 346 370 594
666 320 712 364 nn
735 319 805 366 ono
827 319 872 364 nr
895 317 1037 366 aurona.

284 472 366 556 quod
396 472 437 534 ab
466 471 631 534 novissimi
659 471 823 554 scriptoris
852 474 958 533 aetate
986 470 1020 532 in
1043 469 1118 531 boni
1148 468 1290 550 cuiusque
1314 489 1398 551 gram-

285 583 395 646 matici
425 581 662 645 connneutariis
692 581 732 644 ad
761 586 868 663 partes
898 581 1002 643 vocati
1031 579 1172 642 ducitur:
1203 581 1238 640 ut
1264 578 1330 640 huic
1354 579 1399 659 ipsi

285 693 433 776 scriptori
456 692 522 756 fere
546 714 665 775 suppar
687 713 747 754 noc
769 691 870 753 multo
893 690 1051 773 posterior
1072 688 1296 773 grammaticus
1316 687 1399 748 eristi-

285 803 420 866 mandus
453 802 505 865 sit.
556 802 754 885 Quamquam
789 801 893 883 potuit
926 801 1023 863 etiam
1057 799 1200 883 aequalis
1232 820 1309 862 esse:
1338 796 1400 879 qud

287 936 358 976 cum
381 913 452 975 aliis
475 912 627 995 exemplis
652 913 840 975 confirmare
863 911 959 974 ltceat
982 910 1038 994 (cf.
1056 909 1227 972 Villoisoni
1247 907 1359 990 Proleg.
1378 906 1400 967 iu

288 1024 494 1106 Apollonium
519 1022 615 1105 Soph.
640 1045 670 1104 p.
696 1021 774 1084 VIII
798 1025 897 1106 sqq.),
921 1025 990 1084 tum
1013 1021 1048 1084 in
1070 1019 1248 1104 Diogenem
1270 1017 1402 1080 Laertiunr

288 1133 400 1196 cadere
418 1133 582 1195 contendit
599 1131 744 1194 ltanlrius
760 1133 799 1194 de
814 1131 976 1214 Hesychio
992 1155 1023 1214 p.
1040 1132 1079 1194 (51
1097 1153 1143 1213 sq.
1175 1129 1403 1193 Consentaneum

289 1248 395 1306 autem
418 1241 495 1304 illud
519 1243 637 1305 rationi
661 1245 709 1304 est
733 1242 979 1323 cummaxime,
1008 1245 1043 1304 ut
1065 1262 1127 1324 quo
1149 1239 1220 1324 quis
1243 1239 1352 1302 acriore
1369 1237 1403 1297 iu-

289 1354 410 1416 dustria
439 1354 473 1415 iu
507 1353 586 1416 artis
621 1353 851 1436 grammaticae
884 1352 1191 1435 pervestigationem
1224 1349 1404 1413 incumberet.

289 1487 325 1526 eo
349 1464 518 1526 studiosius
542 1462 705 1545 credatur,
729 1462 880 1546 quidquid
904 1465 959 1524 aut
982 1461 1162 1545 aequalium
1186 1445 1243 1523 aut
1257 1479 1350 1542 nuper
1368 1456 1405 1517 dc·

289 1575 472 1637 functorum
501 1573 621 1656 scripta
651 1572 849 1636 conducibile
878 1573 1029 1635 offerrent
1036 1622 1045 1653 ‚
1080 1571 1114 1633 in
1148 1593 1215 1633 rem
1242 1591 1327 1632 suam
1352 1589 1406 1629 con·

290 1684 432 1746 vertisse.
478 1683 566 1758 Quod
591 1682 716 1766 quidem
745 1705 801 1744 sua
829 1685 943 1764 sponte
966 1681 1166 1765 intellegitur
1192 1681 1228 1744 in
1253 1678 1405 1761 antiquiora
1467 1735 1468 1768 r

290 1798 415 1857 tautum
440 1793 566 1855 saecula
591 1793 703 1856 cadere
726 1815 833 1856 eorum
857 1793 1156 1876 grammaticorum,
1186 1790 1241 1877 qui
1269 1792 1368 1871 suopte
1385 1791 1406 1846 ct
1467 1831 1468 1893 l

291 1904 406 1966 iudicio
439 1907 605 1966 uterentur
633 1908 666 1966 et
694 1903 802 1966 labore
830 1903 863 1966 in
893 1902 1108 1985 conquirenda
1137 1899 1407 1964 commentarionrnr
1467 1917 1468 1984 r

292 2014 428 2076 materia
450 2016 671 2095 versarentur,
700 2013 836 2076 necdum
860 2035 877 2076 e
899 2013 1040 2096 priorum
1064 2012 1255 2075 auctoritate
1277 2009 1331 2073 toti
1352 2029 1409 2090 peu·
1467 1989 1468 2052 t

293 2125 406 2186 derent
429 2127 465 2185 ut
487 2124 604 2186 novicii
629 2124 757 2185 infimae
781 2123 896 2186 aetatis
919 2121 1103 2206 magistelli.
1142 2122 1192 2184 Ad
1216 2121 1313 2185 Orum
1332 2119 1409 2202 igitur

293 2235 451 2297 blilesiunr
475 2237 510 2296 ut
532 2236 711 2296 revertatur
734 2234 851 2314 oratio,
881 2234 915 2296 in
937 2236 1030 2295 tanta
1052 2231 1306 2295 testimoniorum
1326 2226 1409 2291 multi·
1467 2279 1468 2300 p

292 2346 402 2408 tudine
426 2346 466 2406 ab
490 2344 545 2406 illo
568 2344 737 2406 allatorum
760 2366 825 2407 nou
848 2343 956 2406 inveni
979 2345 1104 2426 tamen,
1134 2364 1226 2426 quern
1249 2345 1348 2404 aetate
1367 2335 1408 2399 uri·

292 2477 403 2518 norem
432 2455 540 2517 citarit
566 2455 635 2536 ipso
664 2454 735 2535 illo,
766 2454 815 2520 oui
843 2453 995 2536 peculiari
1023 2451 1132 2515 libello
1160 2451 1341 2515 adversatus
1366 2451 1408 2512 est
1467 2467 1468 2520 r

293 2566 476 2650 Phrynicho
499 2565 720 2648 grammatico.
766 2564 850 2626 Huic
878 2563 978 2647 igitur
1006 2563 1106 2625 ferme
1129 2562 1309 2645 aequalem,
1334 2557 1409 2621 Hero
1467 2623 1468 2628 η

293 2676 389 2738 diano
418 2696 588 2758 supparem
615 2673 731 2737 vixisse
759 2673 915 2756 suspicor:
949 2676 985 2736 ut
1017 2694 1082 2735 non
1116 2672 1262 2735 videatur
1289 2675 1340 2734 aut
1362 2687 1408 2729 nou

294 2787 428 2848 multum
452 2789 536 2848 certe
552 2785 713 2848 saeculum
729 2806 760 2866 p.
778 2783 834 2847 hh.
852 2806 885 2847 n.
903 2784 1038 2847 alterum
1054 2782 1119 2845 eius
1143 2784 1232 2844 aetas
1254 2779 1408 2844 excessisse

294 2897 532 2979 'lheoguostum
561 2896 647 2958 onim
675 2894 728 2957 Et.
758 2895 801 2958 M.
831 2918 862 2976 p.
892 2895 970 2975 618,
995 2894 1031 2974 2,
1061 2892 1162 2976 quode
1191 2893 1277 2955 infra
1302 2892 1409 2954 dicetur.

295 3029 388 3069 nomo
411 3029 506 3068 sanus
530 3005 658 3067 obiciat.
694 3005 783 3078 (luod
807 3007 912 3066 autom
937 3004 1022 3066 uolui
1039 3003 1205 3067 Osanuum
1223 3003 1358 3065 imitatus
1376 2997 1409 3070 (ir

249 3128 276 3172 ¹2
294 3117 428 3180 Plrilcm.
454 3140 484 3198 p.
508 3116 570 3179 318
594 3116 717 3200 adnot..)
741 3121 904 3179 irrdr'crdum
926 3115 1016 3176 illum
1036 3122 1304 3192 qrammaticanm
1329 3113 1359 3172 ut
1377 3105 1409 3167 ait

297 3233 575 3289 Arcanum-inarum
598 3225 754 3288 antestari
776 3223 805 3288 V
808 3224 909 3287 erretis
937 3224 972 3286 in
994 3223 1167 3288 Homerum
1197 3221 1323 3287 scholiis
1343 3237 1409 3302 prae

297 3338 425 3399 missum
453 3361 484 3419 p.
516 3336 564 3398 III
593 3335 712 3418 Beth,
746 3337 779 3398 in
812 3357 873 3417 quo
900 3357 966 3397 non
995 3334 1084 3397 deest
1111 3334 1168 3398 Ori
1197 3354 1326 3398 nomen:
1350 3323 1409 3391 nihil

299 3449 385 3510 illum
414 3447 495 3510 scias
523 3447 609 3510 aliud
638 3468 705 3509 esse
727 3446 789 3508 nisi
812 3445 997 3507 incohatum
1024 3443 1162 3507 indicem
1190 3444 1368 3525 scriptorum
1387 3435 1409 3495 in

298 3559 426 3621 scholiis
451 3559 635 3639 citatorum,
664 3557 696 3619 id
724 3556 806 3640 quod
834 3577 875 3618 rre
897 3555 1042 3618 Rankius
1069 3554 1196 3638 quidem
1223 3555 1245 3616 l.
1270 3575 1295 3615 c.
1317 3573 1345 3633 p.
1367 3543 1411 3608 ΓΝ

299 3671 376 3730 satis
399 3669 523 3730 videtur
546 3667 759 3750 perspexisse,
789 3668 895 3728 t'orrtes
919 3665 1092 3727 arbitratus
1115 3686 1132 3726 e
1155 3664 1268 3747 quibus
1289 3657 1410 3724 hauriar-

299 3783 351 3841 tur·
374 3779 503 3840 scholia.
550 3777 731 3839 tbrrrsinrilis
754 3777 835 3839 ratio
861 3779 910 3838 est
934 3774 1048 3837 indicis
1077 3775 1266 3854 scriptonun
1289 3761 1410 3832 runnu

306 3890 430 3968 llclogris
454 3888 634 3970 pracrrrissi:
658 3910 734 3969 quos
758 3886 889 3949 uririlice
912 3885 1043 3948 fallatur
1065 3883 1118 3967 qui
1141 3883 1183 3946 ab
1206 3883 1274 3966 ipso
1290 3879 1410 3943 Cancro
1467 3947 1468 3960 χ

303 4001 399 4060 lectos
428 3999 545 4061 credat.
597 3997 665 4060 Nec
688 3997 817 4060 omniuo
845 3994 922 4057 illud
951 4016 1009 4059 non
1033 4001 1119 4058 casui
1139 3999 1287 4068 dandum,
1317 3991 1409 4068 quihu-
1467 3993 1468 3998 ’

301 4132 366 4172 raon
391 4132 451 4172 aua
475 4108 653 4190 appelletur
667 4106 896 4190 granmraticus
919 4105 1065 4188 quisque:
1088 4100 1334 4186 quandoquidem
1348 4095 1410 4158 ons
1467 4173 1468 4180 ἵ

303 4223 430 4300 praeter
452 4217 687 4302 antiquissimos
709 4217 879 4300 magistros
896 4237 991 4297 supra
1006 4214 1125 4297 positos
1141 4213 1282 4297 iungitur
1295 4205 1409 4272 onruiull

303 4328 499 4390 saeculorum
523 4327 757 4412 grannualicis,
782 4326 936 4408 Arcadio,
962 4324 1197 4406 Choerobosc0‚
1222 4318 1343 4397 Crateti,
1364 4311 1409 4374 Eu·
1467 4383 1468 4386 Ἴ
