2990 5140
324 371 372 418 un
396 372 489 418 urst.
512 371 616 418 surr.
640 371 684 418 ar
705 370 921 420 rrsrsrssm.
1138 353 1196 418 171

57 523 321 606 reddituoso.
355 523 503 588 Fortasse
525 522 604 587 illud
625 543 749 606 quoque
771 523 1011 604 benefactum,
1035 521 1119 606 quod
1139 543 1198 606 pro

58 634 195 698 ἐπέθετο
217 656 249 697 v.
274 635 313 698 19
335 632 570 698 commendavit
592 633 739 698 ἀπέθετο.

400 1138 643 1224 Epimetrum
665 1139 711 1202 ad
734 1160 765 1220 p.
792 1138 862 1201 168.

106 1323 108 1328 ⁸
144 1289 426 1377 [Recognitionem
440 1291 558 1356 codicis
574 1291 712 1356 Romani
735 1290 927 1355 exactiorem
943 1291 1105 1374 expetenti
1128 1312 1199 1355 sero

59 1401 136 1464 sat'm
164 1401 288 1465 laetum
317 1404 376 1466 est.
420 1400 506 1464 Nam
527 1421 565 1464 eo
593 1401 663 1484 ipso
685 1400 826 1482 demum,
857 1421 919 1483 quo
941 1399 1021 1464 haeo
1048 1398 1199 1463 schedula

58 1509 263 1594 typographo
291 1510 443 1592 traditur,
473 1509 626 1594 temporis
655 1512 816 1574 momento
843 1508 975 1572 affertur
996 1507 1099 1572 Roma
1119 1507 1200 1572 mihi

59 1619 283 1684 transmissum
304 1620 578 1684 accuratissimum
600 1620 779 1702 exemplum
801 1617 913 1682 scholii
934 1617 1093 1699 Plautini,
1116 1617 1199 1703 quod

60 1727 200 1811 Augusti
223 1728 406 1794 Wilmanns
434 1728 622 1814 diligentiae
644 1749 883 1812 propensaeque
909 1727 944 1792 in
966 1749 1017 1792 me
1039 1728 1199 1792 voluntati

60 1837 168 1903 debeo.
230 1837 298 1912 Quo
337 1839 484 1922 inspecto
524 1838 669 1922 exemplo
705 1837 816 1902 statim
851 1837 1060 1920 recordabar,
1103 1857 1199 1920 quam

60 1945 168 2029 iniqua
191 1947 322 2012 fortuna
344 1948 539 2030 ann0183‘l,
563 1951 599 2012 ut
620 1951 689 2012 tum
709 1949 803 2010 erant
823 1951 984 2030 tempora,
1007 1967 1082 2010 usus
1097 1967 1199 2010 essem

60 2055 92 2117 in
113 2056 286 2120 tractando
300 2059 351 2121 vel
372 2057 478 2140 potius
499 2077 565 2122 non
586 2055 756 2121 mactando
773 2056 879 2120 codice
901 2055 1028 2140 collegii
1044 2055 1198 2120 Romanir

61 2185 150 2247 quem
171 2187 217 2230 ne
237 2166 387 2231 vidissem
414 2167 557 2251 quidem,
588 2166 652 2232 nisi
680 2165 853 2250 singularis
880 2165 1035 2249 quaedam
1064 2165 1198 2231 benevo-

61 2273 158 2337 lentia
174 2276 432 2340 reverendissimi
447 2275 553 2340 Patris
569 2275 697 2360 Iosephi
713 2274 837 2338 Marchi
844 2324 853 2358 ,
878 2274 965 2338 cuius
981 2273 1198 2360 gratissimam

60 2383 246 2448 memoriam
266 2387 331 2450 seio
345 2407 470 2450 mecum
485 2385 546 2450 coli
562 2407 581 2448 a
595 2385 720 2468 multis,
743 2384 804 2448 hoc
823 2405 874 2448 me
894 2383 1050 2448 beneficio
1072 2383 1198 2448 beasset

61 2497 186 2574 praeter
215 2495 411 2578 superiorum
440 2495 680 2576 auctoritatem,
714 2497 750 2558 ut
778 2513 836 2577 per
863 2492 1040 2576 crepusculi
1072 2496 1198 2576 tempus

61 2600 152 2686 longe
180 2603 403 2669 brevissimum
430 2603 552 2688 aliquot
583 2603 727 2688 pagellas
759 2623 943 2686 persumere
976 2601 1102 2685 liceret,
1137 2601 1198 2666 hac

61 2715 166 2776 tamen
190 2712 301 2778 addita
324 2713 510 2778 condicione
529 2718 566 2777 ut
586 2713 728 2798 legerem
749 2711 891 2796 quidem,
914 2711 1069 2776 lectorum
1092 2715 1198 2775 autem

62 2821 139 2884 nihil
165 2823 424 2888 transcriberem.
469 2823 509 2888 In
536 2844 598 2908 quo
625 2822 652 2886 si
679 2822 806 2886 fatebor
827 2820 923 2886 fidem
944 2841 995 2886 me
1017 2820 1198 2884 destituisse

64 2930 256 3014 clanculum,
279 2931 365 2997 haud
386 2933 453 2997 scio
475 2955 517 2996 an
537 2932 664 2996 veniam
686 2931 838 2995 facinoris
860 2931 924 2994 mei
945 2929 1006 2994 sim
1026 2951 1198 2993 acommu-

63 3037 146 3102 nium
167 3041 350 3105 litterarum
377 3042 526 3106 studiosis
548 3041 786 3125 impetraturus.
832 3039 894 3105 Sed
922 3061 1002 3123 quae
1031 3043 1100 3103 tum
1126 3061 1197 3122 pro-

62 3151 185 3228 peranti
202 3150 326 3214 calerno
345 3151 503 3216 schedulis
518 3150 762 3234 mandaveram,
785 3171 894 3214 eorum
914 3153 1024 3214 tamen
1039 3149 1075 3213 in
1090 3147 1197 3213 codice

62 3256 303 3342 relegendornm
330 3264 379 3342 et,
408 3260 435 3324 si
461 3261 545 3324 forte
552 3309 560 3342 ‚
591 3259 851 3344 corrigendormn
879 3259 1003 3342 copiam
1032 3280 1103 3323 cum
1131 3280 1198 3323 non

62 3386 182 3446 possem
212 3368 285 3432 ullis
313 3369 365 3432 vel
397 3369 543 3452 precibus
570 3369 621 3432 vel
649 3368 770 3432 artibus
797 3367 986 3452 impetrare,
1020 3389 1085 3432 non
1111 3389 1197 3431 nuno

62 3475 172 3540 mirum
195 3477 372 3558 videbitur,
401 3478 429 3542 si
451 3479 606 3562 quaedem
628 3499 694 3542 non
722 3477 801 3541 satis
828 3481 914 3541 recte
942 3481 998 3540 aut
1025 3476 1198 3560 diligenter
1330 3519 1337 3528 -

63 3583 133 3647 olim
169 3607 240 3649 esse
277 3585 501 3652 administrata
538 3587 732 3670 apparuerit.
799 3585 969 3650 Sciendum
1006 3589 1055 3649 est
1091 3588 1197 3648 autem

64 3693 213 3776 primum,
235 3697 303 3758 tam
325 3695 482 3780 repletum
503 3695 588 3760 notis
603 3695 669 3760 sive
685 3695 880 3780 compendiis
895 3695 1072 3778 scripturae
1094 3697 1198 3759 totum

64 3801 214 3866 scholium
241 3825 325 3886 esse,
353 3807 390 3868 ut
417 3805 509 3888 plura
537 3805 681 3869 breviata
708 3803 810 3868 insint
836 3825 932 3888 quam
959 3825 1025 3868 non
1052 3804 1197 3868 breviato

65 3912 229 3976 vocabula:
258 3913 293 3975 in
320 3912 433 3997 quibus
460 3912 709 3998 interpretandis
734 3912 783 3976 bis
811 3917 899 3977 terve
926 3934 977 3976 me
999 3935 1121 3977 errasse
1148 3913 1196 3976 in-

65 4018 177 4084 tellexi.
223 4021 338 4086 Levius
366 4021 520 4106 estquod
548 4022 669 4106 aliquot
690 4023 818 4087 voculas
845 4044 911 4086 non
939 4021 1037 4085 habet
1064 4022 1098 4084 in
1126 4021 1196 4104 ipsa

66 4129 273 4192 continuitate
300 4131 468 4195 verborum
496 4131 705 4217 perscriptas,
738 4131 792 4196 sed
821 4132 906 4196 inter
927 4153 1036 4195 versus
1059 4129 1194 4214 additas,

66 4236 169 4300 eadem
184 4241 295 4302 tumen
309 4261 407 4304 manu
422 4261 547 4304 omncs:
569 4241 602 4304 id
624 4239 706 4324 quod
729 4241 764 4305 in
778 4241 879 4304 tontis
901 4239 1078 4304 festinandi
1094 4261 1194 4326 angu-

66 4343 129 4406 stiis
143 4346 221 4410 olim
236 4347 389 4412 adnotare
404 4349 577 4433 supersedi.
605 4348 775 4414 Praeterea
790 4350 888 4415 semel
902 4351 1031 4434 integra
1045 4350 1195 4436 neglecta
