3050 5140
456 337 675 386 sanassrasa
699 335 905 386 urrrsasrn.
1189 317 1249 384 791

115 494 256 554 veterum
282 490 465 562 nominibus
493 490 592 556 edidit
618 513 650 574 p.
673 491 731 572 35,
761 493 1021 554 commemoratos
1049 487 1146 553 etiam
1180 509 1250 552 cum

112 599 269 664 similibus
297 601 369 664 aliis
402 602 457 666 sed
491 601 686 666 brevioribus
709 601 743 665 iu
773 599 832 664 Ild.
857 599 1014 664 Gerhardi
1042 598 1250 682 praestantis·

112 711 192 774 simo
226 709 265 774 de
297 713 382 776 vasis
417 711 627 776 Vulceutibus
661 711 888 774 commentario
927 709 1067 792 (Xunsl.
1108 709 1169 772 vol.
1201 708 1249 772 III

111 853 143 912 p.
169 829 262 914 188),
294 845 397 907 nuper
418 821 544 886 demum
572 821 606 886 in
635 821 755 884 Aanal.
786 821 847 884 vol.
876 819 905 884 V
933 843 965 902 p.
994 819 1056 884 357
1079 841 1146 902 sqq.
1179 823 1250 901 post

112 935 274 1002 Welalreri
297 955 389 998 curas
405 932 494 1016 (ibid.
519 953 550 1014 p.
567 931 630 996 235
644 953 712 1014 sqq.
731 930 802 996 coll.
821 929 992 996 Monum.1
1015 929 1081 992 tab.
1095 927 1249 1012 XXXIX)

112 1047 269 1112 Ricardus
291 1043 422 1130 Lepsius
451 1043 497 1106 ita
519 1041 708 1124 explicavit,
744 1045 779 1104 ut
806 1040 887 1104 nihil
915 1039 979 1103 iam
1006 1039 1179 1103 desiderari
1206 1038 1250 1102 vi·

110 1157 274 1242 deatur.*)
307 1152 453 1220 Secrmdo
474 1152 509 1216 in
532 1151 600 1214 loco
622 1151 770 1216 habenda
791 1155 840 1214 est
862 1149 998 1214 iucunda
1027 1149 1083 1212 illa
1110 1149 1250 1212 hirundi-

109 1289 188 1332 num
210 1287 265 1330 ver
286 1263 506 1330 nuntiantium
528 1262 695 1344 salutati0,
720 1261 770 1324 cui
792 1260 994 1324 felicissimus
1015 1260 1173 1344 interpres
1189 1259 1248 1323 Th.

110 1375 260 1440 Panollia
282 1373 421 1458 contigit
443 1373 477 1436 in
493 1372 612 1436 Annal.
637 1371 698 1436 vol.
712 1370 776 1434 Vll
798 1393 829 1452 p.
853 1370 915 1434 238
932 1393 999 1454 sqq.
1018 1369 1088 1434 coll.
1106 1369 1248 1434 Monam.

109 1487 172 1550 vol.
196 1485 230 1550 Π
255 1485 322 1548 tab.
346 1481 465 1548 XXIV.
509 1481 650 1545 Tertium
679 1485 786 1544 autern
815 1479 1050 1564 exemplum**)
1074 1479 1249 1562 repperisse

111 1595 204 1660 nobis
226 1593 287 1658 visi
309 1614 415 1658 sumus
438 1591 472 1656 in
494 1591 566 1672 bac,
590 1591 630 1654 ad
652 1613 747 1675 quam
770 1589 993 1654 illustrandam
1015 1590 1078 1654 ism
1100 1589 1249 1652 accedere

111 1705 204 1786 licet,
226 1703 381 1786 amphora
404 1700 605 1766 Galaesiana.

195 1812 274 1878 Eius
296 1813 450 1877 babemus
477 1811 558 1895 quod
588 1811 680 1874 nobis
703 1811 922 1892 integritatem
950 1810 1163 1894 gratulemur:
1197 1831 1249 1872 ne·
1270 1821 1317 1868 reu

109 1946 171 2008 que
194 1923 281 1988 enim
303 1927 430 2006 praeter
452 1921 590 2006 quinque
619 1920 755 1984 frustula
784 1921 953 2004 quicquam
980 1919 1085 2000 deest3
1120 1941 1157 1983 ex
1186 1919 1250 1982 illis

109 2037 218 2098 autem
241 2032 381 2116 quinque
403 2054 467 2096 uno
482 2035 609 2094 tantum
631 2031 700 2094 leve
715 2029 943 2094 detrimentum
960 2030 1098 2114 cepimus
1121 2033 1153 2092 et
1167 2029 1250 2113 quod

109 2143 207 2207 facile
240 2143 443 2206 resarciatur.
488 2139 659 2206 Ordiamur
685 2143 793 2204 autem
820 2143 946 2222 oportet
973 2139 1015 2203 ab
1042 2139 1251 2222 inscriptione

109 2251 212 2336 partis
235 2252 372 2316 antiaae.
417 2250 513 2316 Cuius
535 2251 639 2334 prima
661 2250 722 2314 duo
745 2250 899 2314 vocabula
927 2251 996 2314 sine
1023 2250 1089 2314 ulla
1116 2249 1250 2314 difficul-

107 2365 178 2426 tate
205 2361 358 2445 leguntur
386 2360 413 2424 ὦ
442 2360 517 2426 Ζεῦ.
563 2359 745 2442 Sequuntur
777 2359 915 2444 quinqua
938 2360 1081 2442 litterae,
1116 2381 1250 2444 quarum

108 2470 170 2534 etsi
193 2471 299 2536 media
327 2473 360 2534 et
387 2469 499 2534 ultima
527 2468 726 2554 aliquantum
754 2471 941 2534 obscuratae
970 2473 1060 2552 sunt,
1095 2473 1204 2534 tamen
1233 2491 1249 2533 e

108 2585 289 2646 ceterarum
311 2579 453 2664 reliquiis
475 2579 570 2643 facile
593 2579 713 2642 emitur
735 2581 836 2661 πάτερ
858 2581 1031 2644 vocativus.
1076 2579 1174 2654 Quem
1198 2601 1249 2644 ex·

108 2689 236 2774 cipiunt
256 2689 342 2754 haud
364 2689 513 2774 ambigue
536 2693 686 2754 exaratae
711 2711 803 2754 voces
825 2691 894 2756 αἴθε
916 2692 1078 2756 πλούειοε.
1112 2689 1251 2754 Restant

109 2814 176 2864 tres
199 2799 337 2882 litterae,
360 2821 494 2884 quarum
516 2799 630 2884 prima,
654 2800 815 2864 simillima
830 2799 886 2864 illa
903 2801 926 2866 Γ
941 2800 1078 2884 litterae,
1102 2800 1249 2865 habenda

108 2909 217 2992 potius
244 2930 302 2992 pro
330 2911 349 2974 Γ
373 2913 438 2992 est3
468 2909 589 2994 reliqua
617 2914 724 2974 autem
750 2931 824 2993 para
853 2909 919 2974 eius
950 2911 1052 2994 vocis,
1086 2932 1150 2974 una
1179 2932 1249 2974 cum

110 3017 218 3102 capite
240 3021 273 3082 et
294 3019 379 3102 tergi
402 3023 493 3102 parte
515 3019 653 3084 bominis
682 3020 717 3084 irr
739 3020 818 3085 sella
839 3020 996 3104 sedentis,
1024 3043 1110 3086 nunc
1138 3021 1249 3104 deper-

108 3128 179 3192 dita
200 3131 259 3192 est.
304 3127 422 3203 Quodsi
453 3151 524 3194 eam
551 3131 640 3195 nullo
660 3152 738 3194 sane
766 3130 874 3194 labore
902 3131 1034 3195 adiectis
1065 3133 1170 3214 οἴμην,
1200 3131 1248 3194 vel

108 3241 242 3321 propter
263 3237 405 3304 doricam
432 3239 603 3304 dialectum
631 3262 725 3324 quam
748 3240 813 3304 iam
835 3241 1015 3304 testabatur
1043 3241 1111 3308 αἴθε
1134 3241 1248 3324 forma,

109 3348 246 3419 ΟΙΜΑΝ
262 3348 394 3432 syllabis
416 3351 675 3434 suppleverimus,
699 3372 780 3434 quae
795 3350 922 3434 quidem
944 3351 1063 3414 avocis
1090 3351 1249 3434 principio

107 3455 287 3540 diremptae
302 3458 371 3541 ipso
387 3459 501 3542 capitis
523 3459 693 3524 intervallo
713 3460 849 3526 fuerint:
872 3461 1141 3544 simplicissimam
1169 3485 1248 3526 nan-

108 3565 258 3630 ciscimur
281 3571 313 3630 et
335 3568 555 3653 plerorumque
577 3570 719 3634 omnium
742 3593 950 3656 communem⁸
963 3571 1173 3636 sententiam:

263 3733 290 3798 ὦ
312 3737 377 3804 Ζεῦ
399 3739 510 3822 πάτερ,
534 3739 602 3806 αἴθε
625 3739 776 3806 πλούειοε
797 3741 948 3820 γενοίμαν

176 4039 202 4106 *)
232 4038 312 4108 [Vide
336 4059 407 4096 nunc
434 4043 602 4112 compositas
625 4043 653 4096 in
675 4043 764 4098 Iahnii
787 4043 979 4114 Descriptione
1002 4063 1131 4100 vasorum
1154 4045 1247 4100 Mona-

106 4131 233 4186 censium
250 4150 277 4202 p.
300 4141 345 4189 101
366 4137 402 4202 (n.
422 4139 483 4204 334)
502 4135 571 4190 alias
590 4136 707 4192 aliorum
725 4137 990 4207 interpretationes]

176 4251 217 4318 ”)
236 4251 341 4320 [Longe
360 4253 529 4320 uberiorem,
554 4271 624 4322 qnae
643 4259 721 4310 sexto
740 4257 825 4310 lustro
845 4257 943 4310 exacto
962 4257 1044 4311 hodic
1062 4259 1176 4326 praesto
1195 4267 1246 4319 est,

105 4339 136 4400 in
154 4343 209 4400 boe
226 4361 328 4414 genera
346 4347 494 4404 materiam
510 4349 656 4404 collectam
674 4349 761 4404 habes
779 4349 882 4404 ibidem
900 4367 928 4418 p.
947 4349 1007 4406 CXI
1025 4353 1097 4422 αμα]
