2942 5134
302 333 364 395 374
659 349 705 394 ns
730 348 900 396 ausonam
923 347 1092 396 vsasmvs

303 499 414 563 horum
444 500 585 563 onmium
616 501 885 564 constructionem
913 500 1065 583 pervidit:
1093 499 1298 583 improbanda
1326 504 1408 560 auten

305 633 375 673 cum
398 609 461 672 alia
483 614 551 673 tum
573 611 667 689 illud,
692 611 775 692 ιμιοό
797 631 862 674 non
878 611 983 674 minus
1005 612 1150 694 profecto
1166 612 1336 685 ταυτολόγιι
1354 627 1408 671 sum

304 721 433 799 πρόναο
455 723 488 781 et
509 722 701 800 δουμὶπηχθ’
724 722 835 796 ἁγνοῑ(
858 723 968 799 δόμοι(
996 743 1091 803 quam
1114 721 1198 803 apud
1219 719 1409 783 Hermamum

304 829 566 912 Dindorfiumque
594 836 621 893 δ.
647 831 757 906 ἁγνοῑ(
779 831 889 909 δόμοι(
912 833 944 893 et
966 833 1029 910 πρὸ
1052 835 1142 896 ναῶν
1170 831 1274 894 verba.
1316 817 1411 891 Rmsui

305 945 411 1003 autem
448 961 518 1003 cum
555 940 622 1002 solo
655 939 820 1003 Dindorfio
854 941 989 1004 alterum
1021 944 1232 1017 ταυτολογὶα(
1263 939 1412 1021 exemplum

305 1050 479 1132 participat
508 1049 605 1112 etiam
633 1050 737 1112 minus
765 1050 948 1133 tolerabile,
983 1051 1065 1134 quod
1095 1050 1235 1114 cernitur
1256 1051 1289 1113 in
1310 1051 1413 1128 λόφιιμο

304 1163 394 1242 δᾴων
418 1164 450 1222 et
471 1162 636 1238 πολεμίων
665 1162 821 1238 ἐ(θήματιι
843 1160 1021 1224 vocabulis:
1059 1161 1119 1224 sibi
1149 1165 1254 1224 autem
1280 1159 1413 1243 propriam

305 1268 389 1332 hanc
413 1269 555 1352 culpam,
585 1269 667 1352 quod
690 1269 821 1332 minime
844 1271 1008 1354 vulgarem
1031 1273 1138 1352 (τέψω
1163 1271 1248 1334 vocis
1270 1291 1353 1333 usum
1371 1267 1414 1330 sibi

305 1379 464 1461 persuasit
485 1379 709 1462 interpolatori
732 1379 850 1444 deberi.
896 1380 963 1455 Quo
987 1382 1110 1445 aceedit
1132 1381 1215 1465 quod
1237 1401 1356 1464 prorsus
1373 1378 1414 1440 in·

306 1490 419 1552 merito
451 1489 544 1552 uobis
574 1489 698 1551 videtur
720 1488 797 1552 illud
827 1489 860 1552 in
883 1489 1071 1554 Hermanno
1100 1490 1277 1572 criminari,
1306 1488 1376 1573 quod
1398 1487 1415 1548 is

306 1622 371 1662 non
404 1600 536 1662 ferenda
570 1599 701 1662 libidine
735 1600 798 1662 alia
827 1622 864 1662 ex
894 1601 964 1664 aliis
993 1601 1129 1664 Medicei
1158 1601 1274 1664 codicis
1302 1599 1416 1662 versibus

307 1713 453 1792 suscepta
476 1710 509 1772 in
532 1732 630 1772 unum
654 1709 838 1772 contulerit:
868 1711 958 1793 quasi
981 1732 1046 1774 ιιοιι
1069 1711 1165 1794 longe
1186 1688 1416 1794 freduentissima

306 1841 364 1881 usu
386 1819 446 1882 hoc
473 1821 576 1901 ipsum
605 1820 749 1900 eveniat,
783 1823 820 1882 ut
842 1819 1018 1902 promiscue
1046 1821 1081 1884 in
1104 1821 1265 1885 codicibus
1289 1817 1416 1902 congluti·

306 1929 392 1992 natis
420 1929 609 2011 scriptorum
638 1929 964 2013 interpolatorumque
992 1931 1096 1994 verbis
1124 1929 1203 1994 illud
1231 1952 1327 1995 unum
1353 1949 1417 2010 spec·

306 2039 440 2101 tandum
467 2039 525 2120 sit,
561 2043 597 2100 ut
624 2039 696 2122 quid
727 2043 839 2122 suapte
867 2043 982 2104 natura
1012 2041 1147 2125 dignum
1179 2063 1250 2104 esse
1280 2041 1417 2123 scriptore.

307 2149 381 2233 quid
415 2170 525 2230 sapere
559 2149 767 2232 interpretem
800 2150 959 2233 videatur,
997 2151 1117 2214 acriore
1150 2151 1268 2214 iudicio
1300 2147 1417 2231 dispicia-

307 2282 385 2323 mus.
429 2258 524 2322 Hanc
551 2259 651 2341 igitur
678 2281 823 2322 normam
852 2261 951 2323 secuti
980 2261 1116 2344 primum
1144 2263 1208 2341 πρὸ
1231 2267 1321 2326 ναῶν
1346 2260 1418 2321 iuter-

307 2373 542 2452 pretamcntum
572 2391 639 2432 csse
669 2369 795 2432 illorum
825 2392 905 2454 quae
935 2375 1010 2432 sunt
1038 2373 1228 2451 δουμὶπηχθ’
1255 2373 1360 2448 ἁγνοῑ(
1383 2369 1418 2430 δό-

307 2501 377 2558 μοι(
400 2479 661 2562 pronuntiamus:
685 2479 798 2542 deinde
816 2482 979 2559 πολεμίων
1002 2481 1323 2565 interpretamentum
1343 2481 1418 2543 δοῖιιιι

308 2589 462 2652 nominis:
506 2593 617 2651 contra
660 2611 724 2652 nou
755 2591 963 2653 concedimus
1001 2592 1134 2655 eandem
1175 2592 1333 2654 rationem
1371 2609 1419 2649 css·

309 2701 464 2777 ἐ(θήματα
487 2701 519 2760 et
547 2700 676 2778 λάφυρα
702 2701 878 2763 notionum.
924 2700 1008 2764 Nam
1037 2702 1096 2763 etsi
1124 2701 1203 2764 illud
1226 2702 1349 2785 quidem
1372 2699 1419 2758 terr

309 2809 468 2892 poeticum
496 2811 621 2872 tantum
645 2814 709 2891 est,
740 2813 773 2873 at
800 2812 860 2873 hoc
890 2832 947 2874 uec
976 2813 1214 2894 l'requcntatmn
1242 2831 1351 2895 prosae
1370 2826 1420 2868 ora·

308 2919 405 2982 tionis
438 2919 644 3000 scriptoribus
677 2941 736 2982 nce
770 2921 811 2982 ab
843 2921 921 3003 ipsis
954 2922 1086 3005 tragicis
1120 2922 1223 3004 poetis
1258 2923 1321 2984 ullo
1350 2931 1419 3001 parra

309 3028 448 3091 alienum
485 3029 639 3091 novimus.
695 3028 792 3091 Velut
827 3031 862 3092 in
899 3031 1009 3093 eadem
1046 3053 1173 3114 prorsus
1211 3054 1322 3096 caussa
1358 3028 1419 3091 oroi(

310 3140 439 3217 λάφυρα
480 3143 578 3202 τοῦτο
611 3143 677 3202 τοῑ(
711 3143 784 3202 καθ’
817 3142 950 3204 Ἑλλάδα
979 3143 1089 3218 δόμοι(
1124 3144 1355 3207 ἐπααόλευιον
1383 3137 1419 3210 ἂν

310 3252 403 3327 χαῖον
426 3247 525 3323 γάνο(
549 3248 616 3330 ipsc
633 3248 810 3332 Aeschylus
833 3250 913 3312 dixit
937 3251 1191 3334 Agamemnonis
1214 3275 1244 3316 ν.
1262 3253 1322 3316 556
1338 3251 1419 3324 (tauc-

311 3360 463 3422 (όλευων
486 3358 612 3440 quidem
636 3359 863 3422 cona-'cuicutcr
885 3361 914 3422 ei
937 3361 1018 3444 quod
1043 3366 1090 3424 cst
1112 3364 1335 3442 δουμίπηκτα),
1358 3353 1419 3418 sini·

309 3468 383 3530 liter
416 3469 499 3530 idem
532 3470 689 3547 λαφύροι(
728 3475 818 3544 δῶμα
858 3473 1000 3548 κο(μή(ει
1033 3473 1154 3550 πατρό(
1191 3472 1285 3536 huius
1321 3466 1419 3533 fabula

310 3600 339 3639 v.
369 3577 449 3658 460,
478 3578 555 3640 item
579 3580 610 3641 (ὲ
633 3580 827 3658 ποιγχρόωι(
861 3581 924 3655 ἐγὼ
955 3583 1061 3660 (τέψω
1091 3584 1249 3663 λαφύροι(
1278 3575 1420 3662 Sophocle·

312 3686 410 3748 Aiace
433 3688 483 3768 92,
508 3687 572 3749 alia
600 3688 649 3749 vel
677 3687 847 3771 Saphar-lia
875 3690 923 3752 vel
946 3690 1112 3772 Euripidis
1141 3711 1181 3753 ne
1204 3711 1290 3754 nunc
1313 3684 1419 3753 cumulo

275 3809 391 3858 xmus
436 3795 481 3858 Vt
515 3802 601 3859 recte
632 3820 725 3879 sanc,
760 3821 854 3882 ιμιιιιιι
881 3799 934 3862 diu
965 3804 1021 3862 ant
1046 3801 1201 3878 ἐίθήματα
1234 3804 1290 3863 aut
1320 3801 1420 3876 λόφιμᾱ

311 3905 474 3988 scripsisse
499 3907 674 3989 Aeschylus
703 3909 883 3992 putabitur,
913 3909 990 3972 illud
1014 3910 1179 3992 aliquanto
1202 3911 1298 3974 etiam
1320 3904 1418 3990 dignis<

311 4020 405 4097 poeta
429 4015 599 4099 habeatur,
624 4017 656 4079 id
679 4019 759 4100 quod
783 4019 947 4084 verissimo
970 4020 1087 4084 iudicio
1108 4019 1312 4084 Hermaunus
1334 4013 1417 4080 sensit.

311 4125 427 4186 rectius
450 4129 558 4188 tauucn
581 4132 729 4190 neutrum
752 4129 860 4193 eodem
884 4130 1052 4213 indignum
1075 4130 1232 4194 credatur.
1278 4130 1325 4192 lta
1345 4125 1419 4208 igitffl

313 4236 490 4316 segregatis
520 4260 537 4298 a
571 4238 782 4318 genuinorum
815 4241 968 4303 societate
1001 4241 1120 4323 apertis
1153 4230 1418 4323 interpretamentis

312 4365 391 4425 quac
414 4345 524 4408 relicta
541 4351 615 4408 suut
637 4351 798 4430 tamrpmm
822 4373 878 4412 sua
901 4355 1014 4433 sponte
1037 4352 1071 4414 in
1093 4373 1201 4415 versus
1223 4351 1352 4415 formam
1371 4356 1418 4404 tan]
