2954 5134
264 339 327 404 528
639 356 686 402 on
708 355 837 403 coruoa
860 355 1037 402 uramara

266 509 385 584 ὀλίγοις
413 511 480 572 τοῖς
508 507 618 586 ἄριςτα
647 509 957 589 remunerationi
985 509 1035 571 καὶ
1061 507 1101 570 τὰ
1122 509 1257 587 πολέμια
1278 509 1382 584 ιἠαὑοί·

266 621 357 682 κλέος
379 619 441 697 γὰρ
469 618 577 683 αὐτῶν
606 619 759 697 καὶπρὸς
786 620 866 696 ἡμᾶς
888 618 1022 695 ἐλήλυθε
1049 622 1104 695 τῆς
1126 617 1248 696 ἀρετῆς.
1289 616 1383 692 Quan-

266 749 360 810 quam
382 749 469 790 nunc
490 727 582 790 video
605 727 640 789 in
663 733 827 811 Aquoque
849 728 876 792 εἰ
898 726 957 792 οὖν
981 726 1057 810 legi.
1081 765 1124 776 -
1145 726 1204 808 Ill,
1228 729 1248 791 3
1270 731 1342 790 extr.
1361 731 1383 790 el

264 839 286 900 4
308 838 379 900 init.
404 837 484 900 haec
512 836 664 899 exhibent
686 842 757 900 AB:
786 838 850 913 ἐγὼ
878 837 1038 916 πρότερος
1065 837 1170 916 ὑμῶν,
1200 837 1279 919 ἔφη,
1305 841 1383 902 τοῦτο

265 948 438 1025 πεποίηκα,
467 948 516 1011 καὶ
538 949 634 1026 μηδὲν
658 947 832 1026 εὑρόμενος
854 946 902 1011 ὡν
925 947 1075 1011 ἐκέλευον
1103 947 1135 1010 αὶ
1156 953 1316 1026 ςυνθῆκαι,
1340 949 1384 1010 τόν

266 1057 440 1133 ἀναγκαῖόν
463 1078 496 1121 τε
519 1059 568 1120 καὶ
590 1057 712 1121 δίκαιον
736 1058 902 1136 Ἀλβανοῖς
930 1055 1118 1132 ἀναγγέλλω
1140 1057 1291 1136 πόλεμον.
1324 1057 1384 1135 μςιὶ

265 1169 305 1230 δέ
327 1168 384 1230 τὰς
406 1167 582 1247 προφάςεις
604 1167 719 1230 ταύτας
742 1167 1019 1245 παρεςκενάζοντο
1041 1167 1218 1247 ἀμφότεροι
1240 1168 1284 1230 τὰ
1303 1169 1384 1244 πρός

175 1313 177 1316 -
265 1277 331 1340 τόν
354 1277 513 1353 πόλεμον,
543 1276 583 1339 οὑ
610 1277 712 1354 μόνον
739 1278 796 1341 τὰς
825 1277 940 1341 οἰκείας
967 1276 1280 1342 καθοπλίζοντες
1307 1277 1385 1340 δωό-

264 1405 345 1463 μεις,
369 1386 451 1450 ἀλλὰ
473 1387 523 1448 καὶ
545 1387 601 1450 τὰς
624 1387 711 1464 παρὰ
732 1389 798 1449 τῶν
822 1386 975 1464 ὑπηκόων
1005 1386 1319 1464 ἐπικαλούμενοι
1351 1385 1384 1447 ὑς

264 1497 299 1558 δέ
321 1496 426 1560 πάντα
448 1494 492 1572 ἦν
515 1496 624 1559 αὐτοῖς
647 1495 833 1574 εὐτρεπῆ,
857 1499 1010 1580 ςυνῄεςαν
1034 1496 1138 1574 ὁμόςε.
1185 1479 1288 1558 Recte
1308 1497 1385 1577 atqie

239 1605 375 1668 ¹ordine
407 1604 550 1667 narratio
585 1603 744 1686 procedit,
782 1608 1006 1688 praeterquam
1037 1605 1120 1688 quod
1153 1609 1227 1688 post
1259 1609 1385 1682 ςννθῆκα

265 1715 403 1797 paucula¹
423 1701 578 1797 qdacdam
594 1714 747 1778 excidisse
769 1717 875 1798 patet:
900 1719 994 1798 atque
1017 1735 1054 1777 eo
1075 1713 1145 1798 ipso
1167 1714 1202 1778 in
1224 1715 1292 1778 loco
1312 1713 1385 1776 dini·

264 1824 334 1886 dius
363 1844 471 1886 versus
500 1824 658 1907 scriptura
685 1828 781 1888 vacat
807 1824 841 1887 in
865 1829 903 1887 B.
948 1823 1046 1886 Velut
1074 1823 1152 1886 satis
1178 1824 1241 1886 fuit
1268 1823 1386 1886 acribia

265 1933 419 2016 Dionysio
441 1935 491 1997 καὶ
513 1936 609 2013 μηδὲν
626 1935 810 2014 εὑρόμενος,
834 1935 882 1999 ὼν
905 1935 1055 1999 ἐκέλευον
1078 1934 1110 1998 αἱ
1131 1938 1292 2012 ςανθῆκαι,
1314 1953 1386 2008 ενγ-

264 2046 523 2125 χωροόμενον
551 2047 643 2123 παρ’
675 2044 796 2122 ὑμῶν,
828 2047 887 2109 τὸν
920 2046 1096 2121 ἀναγκαῖον
1124 2065 1151 2107 e.
1181 2065 1211 2127 q.
1235 2066 1260 2106 s.
1294 2043 1387 2125 Longe

265 2155 385 2217 maiora
413 2175 512 2237 eaque
541 2175 583 2217 ne
610 2175 667 2236 per
695 2175 729 2217 ae
761 2152 889 2237 quidem
919 2157 996 2236 apta
1024 2153 1236 2237 interpolator
1263 2153 1385 2225 molitus,

265 2265 357 2327 simul
380 2268 486 2328 autem
510 2286 585 2327 casu
606 2265 645 2326 de
667 2264 737 2326 loco
760 2285 816 2326 suo
843 2267 964 2326 motum
991 2263 1171 2346 proximum
1193 2263 1386 2337 enuntiatum,

264 2365 461 2457 finitimoque
491 2395 596 2437 errore
624 2394 793 2456 perperam
819 2374 970 2438 iteratum
998 2373 1072 2436 huic
1101 2373 1277 2437 adhaerens
1305 2391 1388 2435 enun-

264 2484 378 2546 tiatum
402 2484 440 2546 ad
471 2483 716 2546 constructionis
746 2483 991 2546 continuitatem
1019 2483 1158 2567 aliquam
1186 2503 1308 2546 summa
1332 2479 1388 2544 libi·

263 2593 337 2655 dine
360 2593 620 2674 accommodare,
648 2592 705 2655 has
727 2594 838 2657 turbas
862 2592 961 2656 edidit
982 2613 1048 2655 non
1070 2592 1197 2676 scriptis
1218 2596 1342 2655 tautum
1361 2589 1389 2650 li·

264 2702 329 2765 bris
346 2707 397 2764 CI)
412 2723 485 2765 cum
499 2708 530 2784 P,
549 2703 603 2765 sed
623 2703 785 2784 impressis
803 2702 957 2785 hodieque
973 2702 1125 2785 exemplis
1141 2701 1332 2765 insidentes:
1351 2697 1389 2761 ὧν

264 2812 414 2877 έκέλενον
442 2813 474 2876 αἱ
502 2817 665 2894 ςυνθῆκαι,
696 2813 909 2892 φαίνονται
942 2815 1033 2891 παρ’
1066 2813 1172 2890 ὑμῶν
1205 2813 1391 2890 πρότερον

215 2930 246 2976 14
265 2921 375 2987 αὑται
398 2924 609 3001 λελυμέναι
632 2923 694 2985 καὶ
715 2923 892 3000 μηδενός
914 2923 1036 2998 λόγου
1059 2923 1288 3000 ἠξιωμέναι·
1309 2921 1391 2984 ὅθεν

263 3034 306 3109 δὴ
328 3033 386 3095 τόν
416 3032 589 3107 ἀναγκαῖόν
618 3052 652 3096 τε
680 3032 729 3095 καὶ
751 3031 873 3097 δίκαιον
902 3033 1068 3110 Ἀλβανοῖς
1096 3032 1287 3108 ἀναγγέλλω
1309 3030 1391 3092 πόλε-

263 3161 341 3219 μον,
369 3141 409 3204 οὐ
432 3143 533 3218 μόνον
562 3142 618 3205 τὰς
642 3141 756 3205 οἰκείας
784 3141 1033 3206 καθοπλὶῑων
1061 3143 1224 3219 δυνάμεις,
1252 3135 1393 3204 ἀλλὰκαὶ

262 3252 318 3314 τὰς
340 3251 428 3330 παρὰ
449 3256 516 3315 τῶν
532 3251 684 3328 ὑπηκόων
707 3251 1032 3329 ἐπικαλούμενος.
1062 3251 1157 3314 ὡςδὲ
1179 3251 1286 3316 πάντα
1307 3249 1392 3324 dtur

264 3360 385 3423 adroic·
414 3363 507 3443 (μετὰ
536 3362 608 3439 γὰρ
630 3362 687 3424 τὰς
709 3362 886 3441 προφάςεις
913 3361 1030 3425 ταύτας
1051 3361 1326 3439 παρεςκευόῑοντο
1347 3358 1394 3434 ἀμ·

263 3470 396 3548 φότεροι
418 3470 516 3547 πρός
538 3471 696 3546 πόλεμον,
727 3470 767 3533 οὐ
794 3470 896 3548 μόνον
924 3471 979 3533 τὰς
1006 3469 1121 3534 οἰκείας
1149 3469 1394 3547 εὐτρεπίζον-

263 3599 326 3642 τες
349 3581 511 3658 δυνάμεις,
537 3579 620 3642 ἀλλὰ
648 3580 697 3642 καὶ
719 3581 775 3643 τὰς
802 3581 891 3658 παρὰ
918 3583 984 3643 τῶν
1013 3579 1166 3657 ὑπηκόων
1193 3577 1394 3644 έπικαλοὺ·

209 3751 212 3760 ,
263 3693 402 3773 μενον)
426 3693 579 3772 ςονῄεςαν
602 3689 705 3768 όμόςε.
725 3726 763 3736 -
778 3688 843 3770 lll,
868 3689 925 3752 36:
948 3691 1071 3753 διεξιὼν
1090 3687 1139 3752 ότι
1155 3690 1243 3767 παρὰ
1263 3689 1396 3766 τὴντῶν

263 3802 346 3862 θεῶν
370 3798 541 3877 ὀλιγωρίαν
564 3800 653 3863 νόςοι
675 3819 707 3864 ςε
731 3800 902 3876 λοιμικαὶ
924 3800 1041 3862 πολλαὶ
1060 3799 1259 3876 κατέςκηψαν
1281 3797 1326 3862 εἰς
1345 3797 1395 3872 τήν

263 3908 375 3983 πόλιν,
403 3911 454 3972 καὶ
483 3911 546 3971 κτλ.
607 3907 659 3970 Sic
682 3913 749 3969 AB.
779 3906 841 3970 Sed
867 3909 1001 3985 λοιμικαὶ
1029 3929 1099 3969 cum
1126 3907 1211 3970 forte
1239 3911 1395 3988 acceptum

264 4020 346 4078 esset
380 4037 437 4098 pro
472 4019 576 4092 λοιμοὶ
604 4019 653 4079 καὶ
682 4017 729 4078 vel
759 4018 861 4094 λιμοὶ
889 4017 967 4092 καὶ,
996 4015 1026 4076 id
1056 4015 1139 4097 quod
1168 4016 1203 4077 in
1232 4021 1260 4078 Ι)
1288 4017 1395 4079 exstat.

263 4126 384 4187 facturn
407 4129 456 4188 eat
477 4127 513 4187 ut
535 4127 651 4189 πολλαὶ
667 4125 824 4187 adiectiro
842 4124 969 4207 aliquod
992 4144 1108 4187 nomen
1131 4115 1397 4208 agglutinaretur:

264 4233 339 4295 hinc
354 4233 454 4316 igitur
477 4236 618 4314 βλάβαι
642 4235 744 4296 estin
768 4235 915 4317 margine
931 4240 968 4316 D,
994 4236 1056 4298 καὶ
1079 4237 1209 4312 λοιμοὶ
1232 4235 1294 4298 καὶ
1317 4231 1397 4312 βλὰ-

263 4348 325 4421 βαι
347 4346 463 4406 πολλαὶ
485 4343 517 4404 in
544 4349 575 4424 P,
600 4346 729 4422 λοιμοὶ
752 4346 812 4407 καὶ
834 4346 951 4409 πολλαὶ
973 4344 1089 4422 μάχαι
1118 4343 1150 4405 in
1176 4343 1209 4406 C.
1255 4345 1395 4406 Ceterum
