2942 5134
315 319 378 382 382
636 337 665 381 o.
691 336 835 383 anisiau
859 336 1131 384 nniunnnmouas

316 493 407 569 runt,
447 493 556 552 tamen
588 510 649 570 quo
683 488 775 551 modo
809 488 1009 572 longitudine
1041 489 1190 553 videatur
1216 489 1340 572 insignis
1364 511 1411 550 esu

314 606 402 678 spina
424 621 526 680 sacra,
552 599 603 660 vix
619 598 717 662 dieas.
751 599 935 663 Certissima
951 603 1058 662 autem
1072 601 1171 663 verba
1194 604 1265 663 sunt
1279 599 1410 662 Menandri

314 709 349 770 in
372 709 481 771 eadem
505 731 538 770 re
562 710 717 771 versantis
742 708 837 795 [apud
854 709 1057 772 Athenaeum
1072 709 1119 773 IV
1134 733 1165 792 p.
1187 711 1244 774 146
1260 715 1293 790 E,
1313 708 1409 790 Fragn

316 841 346 900 p.
370 820 412 882 50
439 817 565 906 hleind:
610 822 666 897 τὴν
691 820 795 900 ὀςφὺν
819 821 936 898 ἄκραν,
965 820 1078 903 quibus
1100 820 1153 882 via
1182 819 1362 904 significatur
1382 817 1408 877 ad

315 928 513 991 emendamla
538 929 718 1011 Aeschylia.
764 929 816 992 sie
844 931 930 992 enim
952 931 1107 1012 seriptum
1128 929 1206 992 fuit:

516 1092 603 1175 κνίςῃ
625 1112 660 1154 τε
683 1094 770 1154 κῶλα
793 1093 993 1166 ςυγκαλυιττά
1015 1091 1102 1171 χᾶμ’
1127 1091 1247 1170 ἄκραν

517 1203 621 1281 ὀςφὺν
645 1203 793 1280 ιτιιρώςας
814 1237 866 1263 —.

398 1359 437 1422 V.
461 1363 525 1425 530
554 1362 694 1436 animum
719 1360 852 1423 offendit
874 1362 979 1439 πόρον
1003 1360 1041 1422 de
1063 1360 1193 1423 flumine
1217 1360 1344 1442 positum
1362 1360 1413 1420 sin-

314 1471 455 1552 pliciter,
494 1473 642 1534 intanta
674 1471 862 1554 praesertim
890 1470 1081 1533 emendandi
1110 1470 1341 1546 commoditate,
1370 1492 1412 1550 qui

314 1581 518 1644 Homericum
540 1582 617 1643 illud
641 1583 737 1660 ῥόον
762 1603 826 1643 ιιοιι
848 1580 1051 1644 mediocriter
1066 1580 1311 1644 commendatur.
1339 1579 1414 1642 Simil-

314 1692 388 1752 lima
411 1668 573 1774 superiora
596 1714 625 1753 v.
652 1692 711 1754 139
734 1691 893 1774 ἀκοιμήτῳ
917 1693 1045 1770 ῥεύματι
1067 1693 1187 1769 πατρὸς
1211 1691 1358 1755 Ὠκεανοῦ.

396 1800 436 1863 V.
454 1802 516 1864 542
537 1802 634 1863 uerba
658 1802 718 1883 ἰδίᾳ
740 1804 850 1885 γνωμῃ
874 1800 1079 1864 emendaturo
1102 1801 1256 1863 auxilium
1277 1799 1414 1883 pateinlurn

313 1933 349 1973 ex
384 1911 574 1974 scholiastae
608 1910 836 1992 explicatione:
875 1913 911 1976 ἐν
939 1911 1000 1993 ἰδίᾳ
1027 1914 1136 1995 γνώμῃ
1166 1914 1216 1976 καὶ
1245 1912 1414 1988 αὐθαιρέτως.

312 2023 399 2095 (luae
422 2022 448 2083 si
472 2021 707 2084 contenduntur
730 2043 801 2083 oum
824 2020 1013 2083 scholiastae
1036 2021 1140 2083 verbis
1164 2020 1204 2082 ad
1221 2020 1312 2104 Soph.
1328 2020 1414 2093 ,luha

312 2133 388 2194 875:
427 2130 643 2218 αὐτόγνωτος]
674 2133 858 2210 αὐθαίρετος
886 2135 936 2194 καὶ
958 2132 1175 2209 ἰδιογνωμων,
1210 2135 1295 2193 certa
1320 2129 1416 2192 ration·

312 2241 456 2305 ducimur
478 2243 517 2304 ad
541 2242 710 2324 pristinam
733 2263 841 2304 versus
864 2241 1000 2303 formam
1023 2240 1140 2304 hanee:

513 2379 829 2456 αὐτογνωμόνως
853 2379 941 2456 ςέβει.

313 2514 571 2591 αὐτογνωμόνως
594 2515 654 2575 rite
678 2517 772 2596 atque
795 2513 905 2576 ordine
927 2513 1049 2575 laetum
1066 2512 1107 2575 ab
1122 2513 1334 2591 αὐτογνώμων
1353 2509 1416 2571 lan·

312 2624 466 2686 vocabulo
499 2624 579 2686 nihil
607 2624 704 2686 hahet
731 2624 914 2686 offensionis
943 2627 1070 2706 praeter
1104 2628 1284 2705 eorreptam
1310 2629 1373 2684 ante
1393 2646 1416 2675 o

311 2734 469 2796 vocalem:
508 2735 594 2796 euius
622 2737 730 2796 tamon
760 2734 909 2796 licentiae
933 2735 1077 2815 exempla
1099 2733 1256 2816 quaedam
1278 2731 1416 2812 Aeschyli

312 2867 349 2906 ae
373 2843 542 2927 Sophoclia
565 2844 686 2926 pridem
709 2847 821 2906 notata
844 2844 977 2907 Por-soni
1006 2843 1046 2906 ad
1069 2842 1235 2906 Hecubam
1259 2867 1287 2906 ν.
1310 2843 1371 2906 302.

312 3064 459 3146 placebat
483 3065 531 3126 rel
555 3071 618 3128 τιού
642 3087 686 3129 τις
709 3065 757 3128 vel
782 3066 849 3129 εἰπέ
872 3086 935 3128 που
957 3065 1017 3127 τίς;
1054 3086 1167 3146 parum
1190 3065 1277 3126 enim
1299 3076 1415 3126 amaran¹

312 3173 486 3236 Wellauuri
509 3176 660 3238 narratio.

396 3283 435 3346 V.
459 3287 521 3348 out
551 3309 587 3347 ex
616 3286 769 3346 librarum
798 3285 955 3368 scriptura
984 3290 1015 3348 et
1039 3284 1277 3368 comparatione
1299 3283 1415 3346 antina·-

311 3395 393 3478 phae
417 3417 611 3477 consequens
634 3395 712 3457 haee
736 3399 783 3457 ost
806 3396 1000 3458 emendatio:

717 3533 757 3594 ἰὼ
782 3532 840 3606 ἰώ,
864 3536 930 3595 ποῖ
953 3535 1035 3597 ποῖ.

619 3642 645 3704 ὠ
670 3645 808 3722 πόποι,
834 3646 881 3720 πῆ
904 3645 942 3720 μ’
964 3642 1074 3717 ἄγοντι
1097 3679 1148 3703 —.

311 3798 367 3858 ποῑ
401 3797 432 3856 et
463 3799 505 3871 πῆ
540 3794 710 3856 coniuncta
745 3795 843 3856 hahes
877 3816 903 3856 e.
935 3816 961 3857 c.
991 3795 1024 3856 in
1054 3793 1130 3856 Eur.
1156 3793 1288 3856 Hecuba
1310 3815 1337 3854 ν.
1359 3785 1414 3850 aad}

311 3906 433 3983 (1041).
465 3904 589 3966 Cretico
612 3907 782 3966 molossum
806 3903 996 3986 respondere
1019 3925 1083 3966 non
1099 3907 1206 3986 potest
1221 3892 1413 3966 demonstrari:

311 4018 476 4096 praeterea
499 4022 551 4078 πιῖι
575 4020 626 4078 πω
650 4021 702 4078 udi
727 4014 908 4076 eonhmctio
931 4015 999 4076 sine
1023 4014 1177 4095 exemplo.

396 4123 435 4186 V.
452 4125 511 4187 601
530 4123 632 4187 scribe
655 4127 816 4202 κέντροις
841 4125 883 4187 ἰὼ
908 4127 1134 4202 φοιταλέοιςιν,
1157 4123 1293 4206 syniaesi
1317 4121 1413 4185 ellinu-

311 4233 399 4295 dum:
437 4235 582 4297 similiter
611 4239 705 4317 atqua
733 4235 767 4296 in
795 4233 956 4316 Euripidis
984 4256 1076 4297 versu
1104 4234 1187 4316 apud
1211 4233 1371 4298 Seidleunu
1388 4221 1413 4281 dn

311 4365 392 4406 vers,
416 4344 539 4406 dorlnn.
566 4368 595 4426 p.
620 4347 660 4407 :238
686 4347 838 4421 μανιάδος
862 4346 1050 4426 φοιταλέ-οιι
1072 4349 1146 4424 φεῦ
1170 4349 1243 4423 φεῦ
1267 4347 1384 4424 μόχθωνΙ
