2952 5132
426 330 546 382 uunvu
570 331 829 382 scurrronrovs.
1133 313 1195 380 461

147 485 253 570 (ΧΠΙ)
290 484 318 548 Ε
347 485 492 569 proximo
522 485 603 550 libro
631 507 688 550 sus
709 485 795 549 idem
818 483 911 568 petiit
933 482 1146 568 Harpocratio
1168 507 1196 548 ν.

70 597 175 674 Λητή·
197 596 365 676 Ὑπερίδης
386 596 465 660 κατὰ
487 597 654 675 Δημάδου.
700 596 784 675 Λητὴ
812 595 904 660 πόλι(
932 595 993 660 teri
1014 598 1070 674 τῆ(
1092 595 1197 660 Μακε-

69 706 186 782 δονίαε,
208 705 397 785 μνημονεύει
420 707 456 770 δὲ
471 705 567 784 αι’πῆε
589 705 744 770 πολλάκις
759 707 945 785 Μαρεύοε
966 703 1197 784 ὁνεώτεροε

69 815 105 879 ἐν
130 815 225 898 ἕκτῳ
252 816 545 881 Μακεδονικῶν.
589 813 653 880 eur
674 835 790 898 saepe
812 814 873 878 hoc
895 812 1094 896 potissimum
1115 813 1197 877 libro

70 922 210 1006 oppidum
225 922 304 988 illud
325 924 527 1006 memorarit,
551 924 585 988 in
607 927 700 988 tanta
722 944 828 988 rerum
843 923 1121 987 Macedonicarum
1143 922 1197 986 ola

69 1033 210 1096 scuritate
232 1031 371 1096 divinari
392 1034 513 1120 nequit.
549 1033 618 1098 Nec
635 1055 673 1098 es
691 1033 815 1097 adiecto
830 1032 1026 1116 Hyperidiae
1043 1032 1197 1096 orationis

68 1142 241 1206 testimonio
264 1142 343 1206 satis
365 1145 435 1208 tuto
457 1143 496 1206 de
517 1146 661 1226 tempore
684 1143 901 1208 coniecturam
921 1142 1034 1225 facias,
1054 1142 1114 1206 etsi
1135 1141 1196 1206 De-

69 1251 323 1316 mademscimus
347 1252 432 1316 circa
454 1252 644 1336 olympiadis
664 1253 724 1316 110
746 1253 867 1316 exitum
888 1251 929 1316 ad
950 1251 1197 1334 rempublicam

69 1361 246 1444 accessisse,
277 1362 395 1445 olymp.
419 1383 494 1426 vero
525 1363 585 1426 114
616 1365 648 1425 et
677 1361 793 1426 obiisse
820 1361 1016 1446 Hyperidem
1044 1364 1077 1424 et
1104 1360 1196 1426 rehe-

68 1471 273 1536 mentissimas
299 1471 385 1536 inter
417 1476 585 1556 utrumque
617 1470 803 1536 inimicitias
832 1471 997 1536 exarsisse.
1041 1470 1127 1535 Nam
1155 1491 1197 1534 ne

68 1580 108 1643 sic
133 1579 260 1664 quidem
288 1581 359 1664 plus
391 1581 572 1665 proficitur,
601 1603 696 1666 quam
724 1580 766 1644 ad
791 1585 937 1664 tempore
964 1581 1049 1644 inter
1078 1581 1196 1664 olymp.

71 1690 170 1772 lll,4
191 1691 250 1775 (cf.
274 1689 314 1754 lr.
336 1689 381 1776 X)
404 1693 437 1754 et
462 1691 531 1774 114,
555 1693 575 1755 3
597 1691 766 1755 interiecta
789 1690 980 1774 pertinuisse
1002 1690 1090 1755 urbis
1113 1689 1198 1754 illius

69 1799 265 1864 mentionem.
312 1797 472 1886 [Ceterum
493 1800 532 1864 de
550 1799 626 1864 Lete
649 1800 765 1884 oppido
787 1800 979 1864 testimoniis
1002 1821 1021 1862 a
1043 1799 1197 1864 Muellero

67 1929 95 1987 p.
115 1907 155 1972 44
182 1909 304 1973 coactis
333 1907 413 1973 adde
435 1909 575 1974 Plinium
602 1909 679 1974 Nat.
703 1909 778 1974 hist.
801 1908 864 1992 lv,
888 1910 929 1974 36
957 1912 990 1973 et
1012 1909 1198 1974 Sallustium

69 2015 214 2082 Prisciani
237 2017 301 2082 XV
322 2040 354 2101 p.
380 2019 462 2083 1008
484 2019 521 2082 Ρ.
545 2019 587 2083 66
609 2017 665 2108 Η.]

142 2127 248 2212 (xlv)
273 2127 487 2212 Harpocratio
509 2151 539 2192 ν.
564 2129 808 2210 Ἀμφίπολις·
831 2179 837 2192 .
862 2179 869 2193 .
892 2179 898 2193 .
922 2129 1108 2210 Μαρεύαε
1131 2131 1197 2210 (μα-

68 2240 157 2314 ροῡεα
171 2237 279 2322 codd.)
302 2239 336 2303 δ’
359 2239 401 2304 ἐν
424 2240 715 2304 Μακεδονικαῖς
738 2239 808 2322 (aut
830 2237 947 2303 excidit
968 2239 1119 2319 ltropimc
1141 2242 1197 2302 aut

69 2346 256 2411 confidenter
287 2347 506 2430 reponendum
539 2350 784 2432 Μακεδονικοῑε)
820 2349 872 2414 διὰ
904 2351 943 2414 τό
975 2352 1197 2428 περιοικεῑεθαι

67 2456 117 2520 τὸν
142 2457 246 2525 τόπον
275 2458 465 2539 Ἀμφίπολιν
494 2458 675 2536 ὠνομάεθαι
702 2459 862 2539 πρότερον
891 2459 1009 2538 Ἄκρον
1043 2458 1195 2537 καλουμέ-

67 2585 128 2644 νην.
168 2569 190 2646 n
217 2569 255 2633 δὲ
285 2569 398 2649 Ἄρεοε
427 2569 607 2647 καλουμένη
635 2569 727 2634 πόλι(
757 2595 771 2631 ι
801 2595 831 2631 ι.
876 2567 929 2632 Sic
958 2567 1044 2631 enim
1072 2567 1150 2631 haec
1180 2589 1197 2631 e

68 2675 201 2760 vestigiis
224 2677 344 2740 codicis
367 2677 645 2762 Cantabrigiensis
667 2676 840 2742 academici
863 2677 1081 2762 scribenda.*)

68 2963 113 3012 νοι,
129 2949 181 3000 τὸν
199 2949 230 3002 δὲ
247 2949 403 3002 ὑπακούειν
421 2947 646 3016 ἀποφηνάμενον
665 2949 799 3015 sapenos
818 2949 1088 3002 rorolreoicnvrec».
1118 2944 1197 3000 Vnde

68 3053 152 3093 rerum
168 3039 290 3094 hominis
308 3057 410 3094 nomen
429 3041 562 3108 Κυρθίλοε
585 3039 743 3094 Dindorfius
761 3039 885 3095 restituit
902 3057 928 3108 p.
950 3045 1007 3094 188.
1039 3069 1072 3078 -
1100 3039 1196 3094 Paullo

67 3131 152 3186 tameo
170 3133 253 3188 aliter
272 3132 306 3187 de
324 3132 531 3188 talibus·video
554 3133 765 3202 Bernhardyum
788 3135 911 3188 statuere
933 3133 962 3188 in
985 3131 1197 3197 ‘Quaestionum

68 3221 97 3276 de
121 3223 347 3295 Harpocrationis
374 3227 468 3280 aetate
495 3225 631 3280 auctario’
664 3225 733 3294 (lnd.
763 3225 847 3280 schol.
878 3227 947 3280 aest.
975 3225 1037 3280 Hal.
1066 3243 1091 3280 a.
1121 3227 1196 3293 1856)

67 3331 90 3381 ν-
107 3317 141 3370 [Χ
158 3319 211 3388 sel

125 3410 149 3478 *λ
166 3410 282 3464 Editum
301 3413 442 3479 πρότερον
460 3413 566 3480 Ἄκρον
585 3411 768 3479 καλουμένην.
802 3413 829 3466 ολ
846 3413 877 3464 δὲ
895 3413 993 3478 Ἄρεοε
1012 3413 1106 3465 πόλιες
1126 3427 1196 3477 quoe

67 3516 111 3566 per
127 3519 155 3556 sc
173 3503 356 3574 suspitionem
374 3514 495 3558 movent.
531 3503 608 3557 Libri
625 3505 719 3558 autom
737 3503 800 3570 (nisi
819 3503 892 3570 quod
910 3521 972 3557 curn
986 3501 1197 3572 Magdalenensi

68 3593 160 3649 faciens
178 3596 352 3651 Burneianus
364 3595 453 3650 Musei
464 3595 624 3662 Britannici,
642 3595 708 3651 olim
720 3595 876 3664 Perusinus,
894 3597 963 3650 haec
982 3595 1075 3650 omnia
1093 3595 1197 3664 omisit)

68 3684 129 3740 hacc
145 3691 256 3744 tenent:
275 3692 418 3757 πρότερον
436 3692 508 3758 ἄκρα
527 3691 692 3758 καλουμένη.
714 3691 742 3744 ol
759 3691 789 3744 δὲ
807 3691 906 3756 Ἀρεοε
925 3691 1013 3744 πόλις.
1048 3688 1125 3742 Vnus
1144 3689 1197 3742 Ga-

68 3775 154 3834 leanos
172 3783 357 3850 καλουμένην.
394 3781 449 3837 Sed
466 3783 584 3837 multum
601 3783 743 3852 discrepat
761 3783 832 3836 alter
850 3781 1102 3850 cantabrigiensis:
1130 3784 1197 3849 πρό·

68 3886 143 3937 τερον
160 3877 234 3942 ᾰκρο
251 3877 416 3943 καλουμένη.
452 3877 470 3941 ἡ
489 3878 519 3930 δὲ
536 3877 636 3943 Ἄρεοε
654 3878 810 3942 καλουμένη
830 3877 911 3930 πόλις
930 3891 991 3928 cum
1008 3875 1124 3930 lacunae
1143 3873 1197 3942 sig-

68 3962 223 4022 rufieatione.
254 3969 381 4036 Apparet
398 3967 599 4022 nominativum
617 3985 650 4022 ex
667 3967 869 4037 posterioribus
887 3967 915 4020 in
933 3968 1027 4038 priora
1043 3967 1197 4036 irrepsisse,

68 4057 91 4107 ol
114 4059 206 4113 autem
229 4063 404 4116 correcturae
427 4061 529 4116 deberi.
568 4061 635 4130 [Noc
658 4077 727 4130 opus
750 4063 794 4115 est
815 4060 1018 4115 Hemsterhusii
1036 4059 1121 4128 (apud
1143 4059 1197 4114 Do·

69 4145 175 4202 braenm
186 4151 301 4206 Advers.
316 4153 328 4205 1
346 4170 372 4221 p.
388 4158 429 4220 ll)
449 4153 620 4208 correctione
639 4155 825 4222 περιιμκίεθαι,
843 4170 894 4208 nec
912 4171 962 4222 per
974 4171 1003 4207 se
1020 4154 1131 4221 placere
1148 4152 1197 4206 illa

68 4243 161 4306 potest.
186 4250 373 4313 περιρρεῑεθαι
394 4245 526 4315 placebat
547 4247 679 4301 Muellero
702 4265 728 4316 p.
749 4253 794 4301 lo:
824 4245 852 4300 id
875 4246 948 4314 quod
972 4245 1109 4314 Stephani
1131 4245 1195 4313 Byz.

68 4341 198 4402 1190,ss
221 4337 313 4392 verbis
336 4338 446 4394 firmare
469 4338 601 4394 Stiehlius
624 4357 650 4408 p.
671 4345 721 4393 466
740 4339 852 4393 studuit.
893 4338 948 4393 Vbi
972 4340 1063 4394 ΑΚΡΑ
1085 4338 1196 4392 litteras
