2976 5140
461 370 508 416 ns
531 369 602 416 oso
625 368 669 416 an
692 368 834 416 onrosa.
1153 353 1215 418 667

163 525 311 609 spexeral
332 521 565 588 Valckenarius
595 521 762 585 Dialribae
789 544 821 605 p.
845 521 918 587 291.
963 521 1053 596 Quod
1077 543 1148 586 oum
1170 523 1214 586 M.

161 633 355 700 Schmidtins
378 633 537 716 Philologi
561 632 607 696 IV
636 655 666 715 p.
691 632 753 696 628
784 636 967 716 corruptum
990 653 1057 696 esse
1080 653 1097 696 e
1119 635 1215 698 Διευ-

163 745 251 826 χίδας
278 745 408 824 statuit,
448 743 650 807 artificiosius
678 765 772 826 quam
805 741 1001 826 probabilius
1029 741 1216 806 ratiocinari

159 854 293 918 videbar.
345 853 434 918 Nihil
460 853 598 938 profecit
623 852 807 916 adnotando
834 851 1009 916 Friebelius
1036 853 1069 916 in
1100 851 1213 916 Graec.

159 963 384 1048 satyrograpb.
407 963 524 1048 fragm.
549 963 613 1050 (ed.
638 961 781 1027 Berolini
804 985 832 1026 a.
860 963 954 1046 1837)
976 985 1007 1046 p.
1035 961 1118 1050 102]

79 1076 350 1155 Ὑπομνήματα
392 1075 571 1155 Ὁμήρους
622 1073 694 1137 vide
730 1071 971 1156 Alexander,
1016 1072 1213 1155 Didymus,

158 1183 474 1270 Epaphrodilus,
497 1183 708 1266 Heracleo,
733 1183 834 1246 Pius.
880 1185 928 1248 Of.
954 1186 974 1263 ξ
996 1183 1047 1260 25,
1070 1185 1100 1246 2.

316 1771 617 1872 Epimelrum
645 1771 702 1844 ad
725 1797 761 1871 p.
786 1774 834 1845 20
865 1773 977 1865 [ddll.

157 1955 204 2020 De
227 1955 399 2022 Eudemo
425 1979 505 2042 quae
530 1957 769 2041 Prolegomenis
791 1957 825 2020 iu
846 1955 1002 2020 Thomam
1022 1955 1214 2040 Magistrum
1232 1967 1264 2016 ru

83 2085 109 2146 p.
137 2065 304 2132 LXXVIII
332 2091 379 2152 sq.
413 2067 565 2130 incohata
594 2069 698 2152 magis
727 2071 803 2131 sunl
830 2089 926 2150 quam
954 2069 1120 2150 perterada,
1154 2065 1214 2130 hoe

83 2173 143 2238 loeo
164 2176 260 2240 liceat
282 2177 389 2262 aliqua
412 2199 449 2242 ex
472 2181 564 2262 parte
587 2177 783 2262 supplere.*)
827 2175 911 2240 Nam
939 2177 1030 2260 quasi
1053 2198 1124 2240 cum
1147 2177 1213 2259 pul-

82 2284 192 2350 siseulo
225 2287 386 2351 exhaurIri
418 2288 474 2352 illa
507 2287 651 2372 quaestio
677 2309 744 2352 non
776 2287 894 2372 poterit
921 2291 997 2350 aute
1024 2285 1144 2349 edibun
1173 2287 1213 2350 ab

83 2395 204 2460 llsanno
236 2395 413 2462 Eudemum
447 2397 644 2480 Parisinum,
684 2419 777 2482 quem
810 2399 874 2462 iam
908 2397 983 2461 lieet
1017 2401 1211 2480 exspectare.

85 2503 125 2566 ⁴Io
145 2506 300 2592 primum,
329 2509 382 2592 qui
404 2507 470 2572 illie
493 2497 647 2592 patefacli
678 2511 753 2572 sunl
780 2506 920 2592 duplices
949 2505 1079 2592 quidam
1100 2528 1213 2570 voerrm

84 2613 199 2680 ordines
222 2617 646 2702 (uvarwfficSeguerianae
663 2617 697 2681 in
721 2619 803 2700 ἀβ-
820 2619 903 2696 ἀγ-
925 2619 1003 2684 ἀδ-
1029 2617 1110 2682 ἀε-
1132 2617 1213 2682 ἀκ-

84 2721 204 2810 litteris,
239 2727 342 2792 eidem
369 2727 403 2792 in
426 2729 508 2794 ἀλ-
530 2729 654 2793 litteras
677 2751 800 2812 quoque
829 2729 875 2793 ila
898 2731 983 2792 certe
1007 2727 1143 2810 eadunt,
1178 2731 1213 2790 ul

85 2854 116 2894 ea
137 2856 203 2900 cum
226 2837 402 2922 recipiendi
424 2837 632 2904 omittendive
647 2843 715 2902 tum
737 2843 866 2922 recepta
883 2837 1092 2921 componendi
1116 2838 1212 2901 lieen-

85 2942 126 3004 lia
138 2951 266 3030 vacent,
283 2970 379 3032 quam
397 2949 431 3012 in
450 2949 677 3033 posterioribus
694 2949 888 3014 notavimus:
905 2948 1006 3034 (velut
1021 2949 1055 3012 in
1070 2947 1120 3011 his
1133 2947 1212 3010 dasi-

86 3049 202 3120 deratur
223 3058 392 3126 ἀνατείνας
414 3059 532 3144 glossa,
557 3059 598 3122 ab
626 3057 819 3122 Iluhnkeuio
839 3059 965 3142 prolata
984 3057 1024 3122 ad
1047 3057 1212 3122 Timaeum

86 3181 112 3242 p.
127 3165 175 3246 31,
196 3189 263 3232 non
278 3167 477 3233 desideratur
498 3191 573 3252 pars
597 3191 714 3250 eorum,
739 3191 819 3252 quae
836 3167 1109 3232 eVindoboneusi
1131 3167 1213 3231 libro

86 3279 222 3358 excerpta
244 3277 407 3362 posuimus
429 3301 460 3362 p.
486 3277 616 3344 CXLIV
632 3281 705 3364 sq.).
751 3277 949 3364 Quamquam
971 3299 1012 3342 ue
1036 3299 1074 3342 ex
1097 3277 1142 3342 eis
1165 3299 1212 3342 ar-

86 3469 274 3484 —-.——-

143 3571 166 3638 ⁸)
196 3573 334 3641 [Pluribus
363 3573 397 3628 de
427 3573 573 3628 Eudemo
600 3579 664 3644 post
691 3592 741 3628 nos
769 3575 948 3628 commentati
979 3575 1042 3628 siml
1068 3573 1212 3627 Eduardus

85 3657 219 3718 lleierus
242 3669 338 3720 noster
360 3667 560 3736 Opuseulorum
584 3667 662 3722 acad.
682 3669 706 3721 ll
728 3687 755 3736 p.
777 3673 824 3722 147
843 3686 894 3734 sq,
918 3667 951 3722 G.
970 3667 1212 3736 Bernhardyus

86 3751 179 3812 I'omm.
206 3759 240 3812 da
266 3759 367 3814 Suidae
389 3761 477 3814 lexIco
507 3777 566 3830 cap.
593 3761 618 3814 Il
644 3779 670 3830 p.
695 3761 742 3814 XL
770 3761 863 3814 adnot.
894 3763 922 3814 ut
949 3779 975 3830 p.
1001 3761 1088 3828 XLII,
1117 3760 1213 3814 dedita

85 3849 168 3902 aulem
180 3867 264 3920 opera
281 3853 419 3921 longeque
438 3852 560 3908 omnium
579 3859 607 3908 et
626 3853 764 3908 uberrime
783 3859 812 3908 et
830 3854 1009 3907 subtilissimo
1027 3853 1211 3908 Mauricius

86 3935 282 4000 Schmidlius
306 3963 368 4002 curu
392 3947 419 4000 in
442 3946 614 4002 Fleckeiseni
636 3947 789 4002 Annalibus
813 3947 907 4016 philol.
932 3949 952 4001 b.
972 3947 1057 4000 LXXI
1081 3951 1116 4013 (a.
1138 3951 1211 4001 1855)

85 4045 107 4096 p.
125 4039 169 4089 481
188 4055 245 4106 sqq.
267 4043 316 4093 486
335 4057 396 4106 sqq.
414 4045 464 4094 496
483 4057 543 4107 sqq.
563 4045 622 4093 tum
640 4041 668 4094 iu
687 4039 895 4108 prolegomenis
913 4040 956 4092 vol
974 4041 1066 4110 polius
1085 4039 1212 4108 Epilogo-

86 4125 163 4180 munis
184 4129 313 4200 Hesyebii
336 4131 377 4185 sui
399 4150 425 4200 p.
451 4133 536 4186 XLIX
561 4151 620 4200 sqq.
663 4133 744 4186 Cuius
768 4133 857 4187 doctis
881 4133 1115 4203 disputationibus
1144 4132 1210 4185 satis

86 4231 139 4270 osse
156 4221 280 4276 effectum
299 4225 428 4292 arbitror,
446 4229 538 4279 atnoe
552 4225 586 4278 do
604 4225 768 4296 scriptorum
782 4225 894 4279 indiculi
908 4225 1008 4280 Suidae
1027 4224 1114 4279 lexico
1133 4242 1212 4295 prae-

87 4309 153 4363 missi
173 4331 221 4369 neo
243 4317 278 4370 ‹le
302 4317 495 4386 Hesyehmnae
517 4319 553 4374 ad
577 4319 723 4388 Eulogium
751 4319 887 4388 epistulae
909 4320 963 4374 fida
985 4319 1133 4387 quicquam
1155 4320 1210 4372 iam

87 4399 253 4463 dubitationis
271 4412 378 4480 testea]
