2952 5132
281 329 344 394 524
653 347 700 394 υα
723 346 851 396 comer
875 347 1049 396 νιιιιιιιιτιι

282 499 414 582 οὐδεμιᾷ
435 498 625 562 invexerunt
647 504 709 563 DP.
733 537 775 547 -
802 499 862 582 ΠΙ,
885 499 942 564 21:
966 500 1025 565 οὐκ
1049 501 1100 566 ἐπί
1122 505 1190 566 τοῖς
1211 501 1389 580 ἀγαθοῖς,ιί

282 609 377 688 μιαρὰ
405 611 462 686 ςό,
495 613 562 674 τοῖς
592 613 713 675 κοινοῖς
741 614 797 688 τῆς
831 610 984 690 πατρίδος
1012 611 1130 690 χαίρει(
1158 612 1231 677 οὔτ’
1264 613 1315 676 ἐπὶ
1339 616 1391 677 ταῖς

283 723 460 800 ςυμφοραῑς
481 723 548 783 ταῖς
573 720 704 802 [ἰδίαις
726 721 803 803 τῆς]
828 720 926 784 οἰκίας
949 721 1064 797 ἀλγεῖς.
1102 720 1156 786 Sio
1177 722 1261 786 solus
1283 727 1323 786 B:
1341 726 1392 786 ταῖς

283 829 399 894 οἰκίας
422 835 464 892 A:
501 828 585 892 unde
612 833 680 894 ταῖς
708 828 861 894 οἰκείαις
890 835 976 894 CDP.
1021 830 1169 914 Vestigia
1190 832 1257 894 veri
1278 833 1392 894 servarit

282 960 378 1022 supra
411 959 536 1002 versum
568 938 707 1022 positum
740 943 795 1017 τῆς
824 939 938 1003 οἰκίας
969 939 1004 1004 ia
1031 945 1067 1004 Α.
1117 939 1288 1004 Praeterea
1318 942 1394 1004 αίίωιι

281 1051 439 1128 proporro
462 1049 545 1112 solus
570 1053 608 1127 B,
635 1050 730 1127 μιαρά
758 1049 803 1112 οιί
826 1053 915 1126 MD,
944 1051 1040 1130 μιαρὰ
1061 1055 1093 1114 Ρ.
1115 1089 1157 1098 -
1185 1050 1245 1133 ΠΙ,
1268 1051 1322 1114 41ι
1352 1051 1394 1114 τός

281 1181 315 1224 τε
338 1159 456 1239 βλάβας
478 1161 635 1224 διαλόςειν
658 1159 893 1237 ὑποςχομένων
922 1159 967 1224 oc
988 1161 1027 1225 ἂν
1052 1160 1071 1224 ὁ
1095 1163 1237 1240 βαςιλεὺς
1259 1162 1396 1240 δικοιώοχ

282 1271 331 1332 καὶ
358 1270 436 1332 τοὺς
464 1269 600 1348 ἐνόχους
631 1269 726 1350 [ταῖς
749 1268 902 1351 αἰτίαις]
933 1270 984 1333 ἐπὶ
1011 1270 1099 1348 δίκην
1121 1272 1271 1350 παρέξειν
1301 1271 1395 1346 ὁμολο-

174 1375 176 1380 ’
280 1378 438 1455 γούντων.
483 1377 535 1440 Sic
559 1381 601 1440 B:
641 1399 774 1440 vacuum
801 1378 940 1460 spatium
970 1378 1055 1442 inter
1082 1380 1218 1459 ἐνόχους
1240 1383 1273 1443 et
1300 1381 1347 1446 ἐπὶ
1364 1385 1396 1440 A:

280 1488 417 1567 ἐνόχους
446 1488 585 1551 αὐταῖς
613 1486 701 1566 δίκην
733 1487 841 1569 inepte
871 1493 956 1552 CDP.
990 1526 1033 1538 -
1074 1489 1134 1571 III,
1157 1483 1215 1554 44:
1249 1489 1398 1554 ὃκαίτὰς

281 1596 533 1676 είςκομιζομένας
563 1598 615 1662 διὰ
644 1597 800 1676 θαλάττης
833 1599 883 1662 καὶ
916 1601 1134 1678 καταγομένας
1161 1599 1288 1666 ἄνωθεν
1317 1598 1398 1682 [ἀγο-

280 1708 359 1789 ράς]
395 1705 583 1770 ὑποδέξεταί
614 1727 648 1772 τε
675 1709 725 1770 καί
755 1707 920 1786 ἀμείψεται
947 1711 1015 1773 τοῖς
1043 1709 1319 1788 ἐμπορευομένοις
1358 1706 1399 1771 βία

231 1831 262 1880 10
282 1820 325 1878 B:
362 1815 489 1881 άνωθεν
512 1815 700 1881 ὑποδέξεται
723 1821 761 1879 A:
799 1816 924 1882 ἄνωθεν
952 1821 1048 1882 ναῦς
1070 1818 1258 1885 ὑποδέξεται
1278 1817 1399 1900 ineptus

280 1925 376 1988 etiam
406 1930 491 1989 ΟΜ).
519 1924 654 2009 -ΙΙΙ,
683 1925 739 1990 45:
778 1929 827 1990 καί
853 1930 912 2005 τὴν
935 1928 1063 2006 ξυλίνην
1085 1928 1249 2007 γέφυραν,
1277 1929 1316 2005 ἣν
1336 1925 1400 1990 ᾰνειι

280 2039 401 2115 χαλκοῦ
424 2037 474 2099 καὶ
498 2037 625 2115 ςιδήρου
650 2037 862 2119 [δεδέςθαι]
893 2038 978 2115 θέμις
1006 2037 1064 2102 ὑπ’
1086 2037 1193 2102 αὐτῶν
1217 2044 1401 2116 διακροτου·

278 2147 399 2225 μένην
428 2149 494 2211 τῶν
523 2147 698 2226 ξυλίνων,
737 2147 859 2211 ἐκεῖνος
887 2147 1039 2212 ἐπιθεῖναι
1067 2154 1113 2231 τῷ
1136 2148 1264 2227 Τεβέρει
1287 2147 1402 2224 λέγεται.

279 2257 382 2320 Abest
403 2257 545 2321 δεδέςθαι
568 2256 608 2318 ab
631 2254 778 2318 omnibus
799 2260 927 2339 praeter
949 2259 993 2320 B:
1031 2256 1099 2320 sola
1121 2259 1228 2320 eutem
1251 2263 1279 2320 P
1297 2256 1401 2338 reliqua

279 2365 325 2430 sio
352 2365 506 2449 pervertit
534 2369 794 2444 διακρατεῖςθαι
822 2370 887 2431 τῶν
917 2367 1051 2433 ξύλων.
1095 2365 1266 2430 Interoidit
1300 2363 1403 2450 aliquid

279 2476 376 2540 etiam
410 2479 483 2559 post
516 2476 666 2548 ξυλίνων,
696 2475 832 2556 ἰκρίων
865 2477 951 2558 puto.
989 2513 1032 2525 -
1067 2475 1131 2558 IV,
1158 2477 1197 2539 12
1230 2475 1403 2540 haerese

279 2589 417 2668 reperta,
441 2585 550 2668 qualia
574 2592 599 2648 Α
621 2586 769 2667 praebet:
807 2586 942 2650 ἁπάςαις
969 2587 1005 2650 δέ
1031 2589 1099 2650 ταῖς
1127 2588 1285 2667 φράτραις
1306 2587 1405 2668 κριθεὶς

278 2701 335 2774 τῆς
357 2697 512 2776 βαςιλείας
535 2695 631 2771 ἄξιος,
654 2696 775 2774 χαίρειν
798 2701 835 2778 τῇ
860 2698 959 2778 βουλῇ
983 2697 1118 2776 φράςας,
1141 2699 1180 2775 ἣν
1204 2697 1265 2761 οὐκ
1286 2697 1405 2775 ἠξίωςιν

278 2807 469 2885 ἐπικυρῶςαι
483 2808 522 2870 τὰ
538 2811 595 2870 τοῦ
611 2810 781 2884 δημοτικοῦ
804 2806 957 2884 πλήθους,
982 2805 1089 2884 ὥςπερ
1112 2807 1192 2890 αὐτῇ
1216 2811 1322 2872 ποιεῖν
1345 2808 1405 2870 ἔθος

278 2916 317 2993 ἦν
345 2953 378 2962 —
405 2915 520 2979 addr'tis
543 2915 577 2978 in
599 2915 663 2979 fine
686 2916 847 2994 κατέςχε
870 2918 939 2994 τὴν
962 2915 1084 2995 ἀρχήν
1109 2917 1216 2998 (CDP)
1238 2916 1406 2980 instaurare

279 3024 339 3088 sibi
362 3026 446 3089 visus
470 3025 682 3107 interpolator
703 3028 858 3108 quantum
879 3047 897 3087 a
917 3023 1054 3108 pristina
1076 3025 1267 3108 integritate
1289 3024 1405 3091 afuerit.

280 3135 394 3197 eximio
422 3136 644 3218 supplemento
673 3139 701 3196 B
723 3135 816 3198 docet
843 3135 889 3198 sie
916 3135 1026 3198 luxata
1059 3135 1203 3198 membra
1239 3135 1407 3218 corrigens:
1439 3209 1445 3226 ,

279 3249 334 3323 τῆς
357 3246 512 3325 βαςιλείας
535 3245 622 3310 ἄξιος
644 3245 941 3325 παραλαμβάνει
963 3245 1053 3310 τότε
1074 3248 1142 3323 τὴν
1166 3245 1292 3325 ἀρχὴν
1314 3243 1408 3322 παρὰ

279 3358 347 3419 τοῦ
374 3359 590 3432 δημοτικοῦ
620 3356 810 3432 πλήθους,
843 3355 973 3419 πολλὰ
1000 3355 1121 3434 χαίρειν
1149 3361 1186 3438 τῇ
1211 3359 1311 3439 βουλῇ
1335 3355 1408 3434 φρό-

279 3485 343 3540 ςας,
376 3466 416 3541 ἣν
447 3465 504 3528 οὐκ
536 3465 668 3542 ἠξίωςεν
702 3464 892 3542 ἐπικυρῶςαι
925 3465 964 3528 τὰ
996 3468 1055 3529 τοῦ
1088 3466 1214 3543 δήμου
1242 3466 1409 3546 κρίματα

280 3575 387 3653 ὥςπερ
410 3574 488 3658 αὐτῇ
511 3578 616 3639 ποιεῖν
640 3574 713 3639 ἔθος
735 3573 783 3651 ἦν.
798 3611 841 3622 —-
862 3572 919 3655 IV,
937 3573 993 3638 82:
1016 3575 1089 3653 ἡμῖν
1112 3576 1146 3640 δ’
1161 3574 1218 3654 ἄρ’
1233 3575 1292 3640 οὖν
1315 3593 1409 3650 παρα·

279 3684 419 3761 ςτήςεται
441 3685 478 3747 τό
502 3684 580 3748 αὐτὸ
602 3687 700 3748 τοῦτο
723 3683 909 3765 ὑπολαβεῖν,
934 3682 981 3748 ὧν
1005 3683 1182 3763 Ταρκύνιος
1204 3733 1281 3748 ....
1302 3703 1410 3762 ruom-

278 3797 347 3858 νῶν
370 3793 471 3857 πάςας
501 3794 585 3875 [τὰς
614 3794 653 3858 ἐν
677 3799 727 3875 τῷ
755 3797 822 3870 ζῆν
850 3794 1016 3876 ἡδονάς]
1052 3794 1228 3876 ἀφῄρηται;
1260 3791 1323 3856 Ριο
1354 3789 1407 3866 his,

278 3924 359 3986 quae
382 3923 420 3965 ex
444 3907 472 3964 B
494 3903 659 3983 accedunt,
684 3903 800 3966 lactura
823 3902 925 3966 estin
940 3909 977 3984 A,
1001 3904 1067 3968 τὰς
1089 3903 1253 3967 ἐλπίδας
1275 3901 1308 3964 in
1325 3904 1410 3964 CDP:

278 4035 387 4076 veram
409 4015 515 4075 autem
538 4012 702 4095 scriptoris
724 4034 854 4075 menum
869 4011 1060 4076 Vrbinatem
1082 4013 1207 4094 tostam,
1231 4012 1298 4094 ipsa
1322 4009 1409 4073 itera
1474 4085 1475 4094 χ

278 4124 324 4186 tio
347 4123 512 4186 verborum
541 4125 637 4184 antea
659 4123 697 4185 de
720 4121 868 4185 Lucretio
898 4121 1071 4204 positorum
1099 4119 1336 4185 evidentissime
1364 4117 1410 4179 de

278 4235 446 4295 monstrat.
462 4270 504 4280 —
526 4231 600 4295 Non
615 4253 788 4314 numquam
804 4232 900 4294 etiem
915 4230 1020 4294 minus
1035 4230 1164 4316 integro
1180 4229 1294 4310 oodioe,
1320 4247 1412 4310 quem
1474 4243 1475 4246 ’

281 4345 385 4421 Aest,
410 4345 544 4423 apparet
566 4342 830 4423 interpolatorem
852 4362 944 4404 usum
966 4361 1050 4423 esse,
1076 4343 1112 4404 ut
1135 4339 1176 4423 V,
1200 4341 1255 4404 34:
1288 4337 1331 4402 de
1353 4357 1412 4418 (μιν
