2982 5146
318 359 364 406 us
390 359 481 405 ania.
506 359 609 404 arax.
633 359 677 406 ar
700 359 915 406 crsrsrss'ro.
1133 342 1191 405 127

59 513 91 571 ut
122 509 212 572 nobis
248 510 386 592 videtur,
424 511 463 574 G.
499 509 683 574 Dindorfius
720 511 850 592 tribuit,
889 532 907 572 a
941 531 1002 594 quo
1038 509 1192 572 scholium

59 619 239 682 Plautinum
260 620 431 704 repetitum
453 624 502 684 est
524 620 558 682 in
575 619 738 682 Addendis
754 619 794 682 ad
811 607 1062 702 Aristophanem
1077 618 1193 683 Osonii

60 751 156 811 nuper
177 727 312 811 editum,
343 730 406 792 vol.
430 729 557 813 quidem
580 729 626 793 IV
648 733 732 813 part.
756 731 778 794 3
799 752 829 812 p.
854 731 916 794 393
938 751 1006 812 sqq.
1052 728 1194 811 ltepctiit

60 839 151 900 etiam
177 838 443 922 diligentissimus
472 841 639 904 Cramerus
670 863 702 922 p.
729 839 767 902 12
797 861 860 922 sq:
894 859 1085 922 quamquam
1113 859 1194 920 quae

61 947 96 1010 de
116 947 174 1012 boc
190 951 381 1032 argumento
397 949 465 1032 ipse
482 952 714 1012 commentatus
730 953 793 1030 est,
818 948 863 1010 eis
886 969 997 1030 parum
1021 947 1194 1031 profecisse

60 1069 157 1120 mator
175 1063 315 1136 publicus
336 1064 513 1122 academiae
533 1059 724 1122 Oxoniensis
747 1057 923 1122 censendus
946 1061 1010 1138 est,
1035 1058 1121 1120 cuius
1144 1057 1195 1120 vel

62 1167 151 1230 verba
172 1167 362 1251 intellegere
385 1167 552 1252 aliquoties
576 1172 624 1232 est
646 1167 788 1232 difficile.

589 1431 664 1512 §a

64 1561 111 1625 lle
136 1563 294 1628 ratione
323 1566 510 1629 universa
541 1588 638 1650 quaa
662 1566 768 1628 inter
795 1587 977 1650 graecum
1005 1587 1195 1650 gramma-

299 1675 419 1739 ticum
448 1681 485 1739 et
513 1675 682 1739 latinum
710 1675 949 1740 intercedat.

139 1825 279 1890 Tantum
307 1829 414 1890 autem
442 1828 526 1890 idem
552 1827 632 1892 vidit
661 1827 840 1908 verissime,
874 1849 991 1912 graeca
1021 1831 1053 1890 et
1080 1827 1230 1908 latina,s

65 1935 117 1998 elsi
149 1935 182 2000 in
212 1936 358 2019 plurimis
391 1937 470 2000 satis
499 1938 584 2000 iuter
612 1959 645 2002 se
674 1959 832 2022 congrua,
866 1942 975 2002 mareu
1004 1943 1048 2002 ad
1075 1943 1195 2002 aerlaaa

64 2045 185 2108 minime
206 2053 379 2126 quadrare,
402 2069 511 2110 vorum
526 2047 572 2110 sic
588 2048 693 2130 potius
715 2047 858 2128 differre,
883 2051 917 2110 ut
940 2053 1022 2112 binos
1040 2068 1196 2125 aramma·

65 2161 131 2217 tiras
156 2179 195 2220 cc
221 2162 324 2220 eodem
352 2163 469 2236 quidem
492 2161 596 2234 sante,
631 2163 685 2220 sed
710 2178 843 2221 seorsum
871 2169 900 2220 et
927 2177 994 2221 cum
1024 2161 1198 2221 discrimine

66 2285 114 2326 sua
134 2270 265 2330 mississe
288 2270 453 2350 appareat.
498 2265 588 2342 Quod
616 2266 742 2350 quidem
768 2267 814 2330 ita
837 2289 905 2330 esse
927 2287 987 2329 nec
1015 2264 1114 2328 latere
1137 2287 1196 2328 uec

67 2374 171 2438 mirum
206 2397 277 2440 esse
314 2376 460 2460 cuiquam
496 2379 617 2460 potest,
663 2377 717 2460 qui
761 2375 795 2439 in
832 2376 1043 2460 grammatico
1079 2397 1196 2460 genere

68 2481 233 2549 litteramm
255 2507 447 2570 graecamm
469 2509 533 2550 nou
561 2486 674 2549 leviter
697 2489 839 2550 versatus
867 2485 1021 2548 sescentis
1044 2484 1197 2568 exemplis

70 2595 219 2676 cognorit,
249 2599 373 2679 quanta
401 2595 575 2680 posteriorc
598 2599 704 2660 aetate
727 2595 952 2676 magistrorum
975 2594 1072 2657 libido
1095 2595 1128 2658 in
1152 2594 1197 2656 eis

69 2702 296 2786 scriptiunculis
332 2711 480 2790 grassata
517 2707 575 2786 sit,
614 2728 695 2789 quae
733 2727 804 2770 cum
841 2704 881 2767 ad
918 2705 1022 2768 locum
1059 2705 1197 2787 aliquem

70 2832 255 2879 communem
280 2819 463 2898 spectarent
486 2819 518 2878 et
540 2815 749 2898 multiplicem
771 2837 863 2878 usum
885 2813 1057 2894 haberent,
1081 2835 1100 2876 a
1123 2835 1196 2896 quo·

70 2919 148 3004 libet,
170 2928 204 2987 ut
225 2946 285 2988 suo
308 2925 441 2988 consilio
456 2926 507 2989 vel
530 2925 661 3010 ingenio
680 2924 1011 3005 accommodarentur,
1034 2923 1196 2986 fmstatim

70 3029 212 3116 addenda,
235 3033 425 3115 omittendo,
448 3034 611 3117 mutando,
636 3033 830 3116 exornando,
855 3033 1064 3116 excerpenda,
1093 3037 1196 3096 trans-

71 3144 221 3226 ponendo,
246 3143 482 3226 contrahenda,
512 3143 714 3226 dissocianda,
745 3143 997 3228 conglutinando
1025 3144 1060 3206 iu
1080 3163 1196 3206 nervam

71 3269 157 3332 usque
189 3253 326 3316 turmam
359 3254 558 3338 speciemque
591 3254 829 3339 redigebantur.
886 3251 1002 3328 Quodsi
1037 3250 1198 3334 utrimque

71 3363 259 3438 grammatici
294 3363 392 3426 verba
425 3362 532 3446 paullo
565 3363 752 3448 diligentius
788 3364 873 3426 inter
906 3385 939 3426 se
973 3361 1196 3445 composueris,

72 3466 143 3531 nihil
164 3472 405 3556 propemodum,
428 3473 482 3536 ubi
498 3473 539 3536 ab
562 3477 669 3537 assuto
691 3473 725 3536 iu
748 3471 811 3536 line
833 3494 942 3556 panno
962 3471 1140 3552 recesseris,
1164 3471 1198 3533 in

72 3580 185 3658 graecis
206 3581 369 3664 proditum
384 3583 539 3665 reperies,
563 3585 645 3666 quod
661 3603 727 3646 non
748 3582 857 3645 redeat
878 3581 912 3644 in
934 3580 1060 3664 latinia,
1086 3584 1198 3643 contra

73 3684 102 3747 iu
122 3687 167 3751 bis
189 3695 240 3752 sat
261 3691 363 3754 multa
392 3691 512 3774 posita,
542 3713 622 3776 quae
646 3713 665 3754 a
689 3691 814 3776 graecis
843 3691 969 3755 absunt.
1015 3690 1059 3754 Et
1086 3690 1199 3754 horum

73 3794 187 3876 quidem
209 3821 282 3863 cum
309 3803 435 3864 tautum
465 3823 566 3883 pauca
594 3801 749 3884 <quaedam
778 3801 824 3862 ita
848 3805 1032 3883 cornparato
1054 3801 1134 3883 sint,
1164 3804 1199 3864 ut

74 3904 117 3964 vel
142 3907 348 3994 intellegeadi
371 3911 470 3973 errori
498 3911 545 3974 vel
576 3909 751 3974 exornandi
780 3909 1057 3994 amplificarulique
1086 3911 1198 3973 intem-

75 4018 228 4091 perantiae
255 4019 355 4102 ipsius
382 4019 567 4102 interpretis
594 4019 687 4084 latini
715 4019 822 4082 deberi
851 4020 991 4104 possint,
1022 4042 1086 4083 non
1114 4020 1199 4082 vide-

75 4117 169 4188 bimur
196 4127 326 4190 calidius
354 4150 449 4211 quam
477 4129 707 4194 consideratius
736 4129 971 4214 argumentari,
1000 4151 1071 4192 cum
1099 4132 1199 4193 multo

76 4233 193 4314 propius
220 4235 259 4300 ad
286 4237 442 4320 principis
474 4239 573 4302 friatis
601 4242 633 4302 et
660 4239 754 4302 fidem
782 4243 815 4302 et
841 4240 1019 4302 ubertatem
1049 4239 1199 4304 accedere

77 4336 246 4408 Plautinum
277 4347 430 4412 scholium
463 4371 558 4431 quam
591 4350 768 4414 ἀνέκδοτον
803 4349 983 4414 Parisinum
1016 4350 1196 4416 dixerimus.
