2954 5134
445 337 491 384 ns
514 337 584 386 ono
607 337 652 384 ar
675 327 817 386 onrosa.
1138 321 1201 386 583

73 491 255 556 eloheckio
277 493 327 554 est
341 489 492 574 Parergis
515 490 555 554 ad
569 489 788 574 Phrynichum
810 513 842 574 p.
865 491 939 574 482,
963 512 1023 554 nec
1045 490 1203 554 immerito

72 607 104 666 ut
121 602 254 666 arbitror
275 599 547 685 pernecessarium
570 601 689 666 nostris
704 599 822 664 litteris
837 601 929 664 nobis
946 621 1048 684 nuper
1063 600 1203 684 appella·

73 717 134 776 tum
154 711 392 796 Prolegomenis
420 711 455 774 in
477 709 674 774 Theodulum
703 733 734 794 p.
757 708 815 774 IX.
860 710 954 774 Nunc
984 715 1091 774 autem
1119 711 1203 795 quod

72 845 131 886 uon
162 821 391 907 grammaticae
424 820 479 884 sed
511 820 793 904 grammaticorum
826 819 978 884 historiae
1012 821 1202 904 particulam

71 954 123 996 nos
144 935 335 996 tractaturos
358 933 427 1016 ipso
450 929 556 994 indice
579 931 713 1014 professi
736 951 858 1012 sumus,
887 931 919 994 id
942 953 1038 1015 quam
1060 931 1125 994 vim
1147 929 1202 994 ha-

71 1043 139 1106 beat
158 1043 268 1127 paucis
284 1040 538 1126 significandum
549 1045 607 1104 est.
638 1041 769 1104 Etenim
785 1040 884 1124 ipsius
900 1041 979 1134 artis
1002 1039 1200 1104 enarrandae

70 1153 167 1216 fontes
192 1155 225 1216 et
252 1152 437 1216 testimonia
467 1173 538 1216 cum
566 1153 693 1216 tantum
716 1173 781 1215 non
805 1151 913 1216 omnia
941 1151 987 1214 eis
1015 1151 1200 1214 continean-

70 1267 116 1324 tur
135 1263 416 1347 grammaticorum
432 1261 571 1344 scriptis,
593 1283 674 1344 quae
696 1254 853 1344 propitiae
875 1261 1024 1325 fortunae
1047 1259 1201 1324 beneficio

69 1373 106 1435 ab
126 1372 257 1436 interitu
277 1371 441 1436 vindicata
465 1371 557 1436 hodie
573 1370 721 1435 manibus
742 1375 936 1435 tractamus:
959 1371 1054 1435 facile
1077 1371 1200 1435 intelle-

68 1483 148 1566 gitur
170 1503 235 1546 non
257 1503 350 1566 posse
372 1482 459 1566 prius
482 1483 560 1546 artis
587 1481 728 1566 origines
752 1485 785 1544 et
807 1480 1005 1545 incrementa
1034 1481 1198 1565 explicari,

68 1593 215 1676 quamde
238 1592 361 1674 horum,
385 1591 533 1676 aquibus
549 1591 652 1655 omnis
675 1595 707 1654 et
728 1590 949 1674 proficiscatur
971 1612 1067 1674 opera
1089 1595 1200 1655 nostra

68 1707 95 1764 et
120 1702 157 1766 ad
185 1724 267 1786 quae
294 1703 516 1786 usquequaque
544 1705 723 1765 revertatur
750 1704 894 1785 oportet,
923 1705 1198 1766 monumentorum

68 1813 258 1894 condicione,
282 1813 396 1895 forma,
421 1811 564 1892 consilio,
588 1811 650 1874 fide
673 1815 705 1874 et
727 1833 784 1874 usu
807 1812 853 1874 ita
874 1811 917 1874 sit
939 1812 1133 1896 quaesitrnn,
1163 1817 1200 1874 ut

67 1927 144 1986 certe
166 1923 365 2007 gravissimis
387 1923 562 2006 quibusque
585 1921 758 2004 exploratis
774 1919 893 1984 habeas
908 1921 962 1984 ubi
978 1923 1090 2004 pedem
1106 1923 1197 2006 figas.

65 2031 126 2106 Quo
147 2032 276 2116 quidem
303 2033 337 2095 in
364 2053 482 2116 genere
510 2053 606 2116 quam
628 2031 778 2115 pleraque
802 2031 904 2094 adhuc
927 2032 977 2095 rel
1000 2033 1122 2096 incerta
1145 2053 1199 2096 va·

66 2142 168 2206 cillent
190 2142 241 2207 vel
264 2143 398 2205 obscura
420 2142 555 2222 lateant,
579 2163 644 2205 non
667 2145 772 2226 potest
788 2162 977 2225 quemquam
998 2141 1120 2224 fugere,
1144 2143 1198 2225 qui

65 2251 109 2314 sel
135 2253 250 2316 leviter
277 2251 336 2316 has
364 2251 489 2315 litteras
519 2251 675 2336 attigerit.
721 2249 790 2315 Nec
812 2251 896 2335 fugit
919 2250 996 2314 illud
1019 2251 1069 2314 vel
1092 2251 1198 2314 Ferdi·

64 2362 200 2426 nandum
227 2361 406 2444 Itankium,
436 2361 551 2426 emissa
579 2365 655 2426 ante
682 2361 739 2424 hos
768 2361 845 2424 duos
873 2383 974 2424 annos
1005 2363 1197 2424 commenta-

63 2471 144 2536 tione
165 2472 206 2536 de
229 2471 322 2536 lerici
345 2471 543 2556 Hesychiani
571 2471 697 2555 origine
728 2476 779 2534 sat
801 2470 1011 2555 probabiliter
1033 2471 1196 2553 disputan-

64 2585 138 2664 tem,
161 2583 213 2646 vel
236 2581 277 2646 K.
301 2567 467 2646 Lehrsium
490 2581 689 2646 Aristarchio
711 2579 816 2644 studio
838 2581 1029 2644 scholiorum
1052 2578 1230 2644 Homeri-r

64 2711 165 2755 comm
187 2691 325 2755 formam
348 2696 380 2756 et
403 2691 664 2774 compositionem
688 2691 868 2774 nuperrime
891 2693 1135 2774 perscrutatum.

139 2801 208 2866 Nos
231 2805 338 2866 autern
361 2801 443 2885 quod
466 2802 526 2865 hnc
548 2802 657 2865 oblata
680 2800 840 2864 scribendi
863 2799 1103 2884 opportunitate
1127 2799 1196 2864 Ori-

62 2913 126 2975 onis
149 2911 287 2976 lexicum
309 2911 508 2994 potissimum
530 2911 722 2994 delegimus,
753 2911 786 2974 in
809 2931 871 2995 quo
898 2931 1095 2974 versaremur
1117 2909 1195 2972 iudi-

63 3023 167 3106 cando,
193 3043 260 3086 non
282 3021 415 3085 fecimus
438 3021 497 3084 hoe
520 3025 651 3105 propter
673 3022 877 3104 praecipuam
895 3021 980 3083 illins
1002 3019 1195 3102 gravitatem

62 3132 226 3214 quandam,
250 3153 345 3216 quam
368 3153 433 3196 non
456 3132 544 3195 nullo
564 3131 734 3194 intervallo
749 3131 883 3194 aliorum
906 3130 1097 3194 auctoritate
1119 3130 1194 3193 lexi-

62 3261 163 3306 comm
185 3242 323 3326 relinqui
346 3241 565 3325 perspicimus,
589 3241 644 3304 sed
667 3263 738 3304 cum
761 3245 891 3324 propter
912 3239 1107 3324 quaestionis
1130 3241 1195 3302 suis

61 3351 171 3417 finibus
195 3353 443 3435 comprehensae
472 3352 626 3414 ambitum
654 3350 728 3414 huic
756 3351 964 3434 scriptionum
994 3349 1105 3434 generi
1127 3351 1194 3412 scre

61 3462 264 3545 commodum,
288 3465 356 3526 tum
376 3461 458 3545 quod
481 3462 654 3546 singularis
669 3461 715 3524 rei
733 3483 846 3544 parurn
869 3460 1035 3544 expeditae
1058 3459 1192 3522 difficul-

61 3698 163 3765 opellae
186 3701 298 3752 nostrae
322 3715 467 3752 censuram
493 3699 525 3753 Κ.
552 3698 711 3754 Lchrsius
738 3695 953 3752 Zimrncrniunni
975 3696 1076 3750 lliariis
1105 3695 1191 3764 antiq.

61 3791 127 3844 stud.
147 3809 171 3846 a.
193 3797 257 3846 18³5
280 3809 306 3860 p.
327 3797 377 3845 449
396 3809 456 3858 sqq.
481 3791 597 3846 inscruit
619 3789 781 3844 cnrrlitionis
804 3793 831 3844 ct
860 3789 1021 3842 subtilitatis
1044 3789 1192 3842 luminibus

60 3883 180 3952 actaeque
198 3884 385 3952 conspicuam,
404 3901 436 3938 ex
455 3901 489 3939 ca
506 3903 561 3940 non
580 3902 624 3938 nie
643 3883 765 3937 continui
783 3885 849 3951 quin
867 3883 1004 3950 quaedam
1024 3883 1059 3936 ad
1078 3883 1193 3936 verbnm

59 3977 223 4046 transcripta
241 3977 309 4032 meis
327 3995 400 4030 nunc
418 3977 652 4046 disputationibus
672 3977 824 4030 subicerent
840 3976 977 4030 corurnuni
997 3979 1025 4028 nt
1040 3979 1107 4045 puto
1121 3993 1192 4029 corn-

60 4069 151 4122 rnodo:
180 4069 208 4123 id
227 4069 302 4138 quod
319 4069 396 4123 illurn
415 4089 469 4123 non
488 4089 548 4124 csse
567 4073 747 4138 gravaturum
767 4070 881 4124 conlido,
903 4101 935 4108 -
966 4071 1093 4122 Ceterum
1113 4071 1192 4124 ante

59 4161 159 4214 editum
180 4163 252 4217 hanc
276 4163 538 4218 commentationem
562 4164 595 4216 de
620 4165 675 4216 Oro
699 4165 727 4216 ct
751 4162 852 4216 (trione
875 4163 984 4216 brevius
1007 4161 1191 4215 disserueram

58 4253 83 4305 in
104 4255 210 4310 Erschii
236 4255 410 4324 Gruberique
432 4257 654 4325 Encyolopacdia
680 4257 781 4310 artium
809 4257 1019 4322 litterarumque
1044 4254 1192 4313 univcrsrdi

59 4349 121 4400 sect.
142 4347 178 4401 111
195 4350 248 4403 rol.
268 4347 293 4400 V
311 4353 345 4414 (a.
368 4355 443 4416 1834)
466 4367 493 4420 p.
513 4351 665 4418 atussa]
