2982 5146
286 357 345 421 144
585 371 835 419 corrommnvn
859 369 1127 420 nrsrvmrrouls

284 533 370 591 certa
393 527 520 589 litterae
543 531 671 588 nostrae
698 529 766 588 arte
790 529 822 588 ct
847 525 1017 607 disciplina
1041 525 1298 589 continebuntur.
1342 528 1415 602 Quid

283 643 332 700 est
354 642 475 718 autem,
501 658 556 700 cnr
578 637 616 699 de
633 637 850 719 Lycophronis
866 636 899 698 in
916 635 1094 698 ordinanda
1117 635 1310 699 bibliotheca
1331 639 1415 699 sous

283 748 467 811 Alexandro
490 755 522 809 ct
542 746 703 809 Zenodoto
725 745 951 828 Bernhardyus
974 769 1005 829 p.
1029 747 1090 810 826
1113 746 1259 809 dubitet?
1297 748 1415 810 Scilicet

282 859 354 922 illos
377 859 464 921 nullo
487 862 569 920 teste
593 861 720 920 coristat
742 857 780 920 de
803 857 969 940 tragoedia
986 858 1138 940 epicaque
1160 861 1192 919 et
1215 857 1315 939 lyrica
1339 859 1415 941 poesi

282 970 400 1032 similes
417 969 716 1052 Lycophroneorum
738 968 981 1030 commentarios
1003 967 1146 1030 edidisse.
1186 970 1231 1030 At
1252 990 1329 1030 vero
1350 977 1416 1052 qud

281 1080 411 1143 tandem
445 1102 494 1142 res
523 1083 597 1141 sunt
626 1079 659 1141 in
693 1081 754 1141 hac
787 1078 989 1161 antiquitatis
1021 1077 1204 1160 disciplina,
1240 1077 1280 1140 de
1314 1080 1416 1162 quibus

231 1206 263 1252 25
282 1192 425 1274 rpramris
460 1212 532 1278 non
554 1193 678 1252 constet
711 1188 882 1251 memoriae
915 1189 992 1270 lide,
1028 1210 1092 1251 non
1127 1189 1286 1251 immerito
1318 1194 1416 1252 tamen

283 1324 375 1364 nemo
405 1301 538 1363 dubitet.
580 1299 687 1381 Velut,
722 1303 758 1361 ut
788 1321 804 1360 e
838 1299 991 1361 sescentis
1022 1321 1119 1361 unum
1148 1320 1417 1362 commemoremus

284 1413 413 1495 cognati
437 1411 564 1494 generis
581 1411 775 1494 exemplum,
800 1409 869 1492 quis
886 1409 1106 1471 Aristarchum
1122 1409 1300 1491 praefuisse
1316 1411 1417 1473 biblio-

281 1523 393 1584 thecae
432 1520 671 1584 Alexandrinae
709 1520 868 1581 testatur?
922 1521 1076 1582 Attamen
1114 1519 1213 1583 credit
1251 1505 1417 1602 praefuisse

285 1631 508 1714 Bernhardyns
535 1631 620 1694 llist.
645 1630 659 1692 I
689 1630 750 1692 litt.
780 1653 811 1713 p.
841 1631 903 1692 368
933 1634 964 1692 et
992 1652 1049 1692 nos
1080 1629 1235 1692 credimus
1264 1653 1335 1693 cum
1359 1631 1415 1693 illo.

283 1743 422 1806 Omnino
439 1747 545 1804 autem
561 1763 627 1803 rem
643 1741 823 1802 universam
847 1740 1030 1803 aestimanti
1046 1762 1110 1802 non
1132 1744 1237 1822 potest
1257 1741 1414 1803 obscurum

283 1875 365 1932 esse,
391 1852 529 1914 immane
552 1856 706 1934 qnantum
729 1851 762 1913 in
792 1851 852 1913 hae
880 1855 972 1933 parte
1000 1850 1246 1934 grammaticae,
1276 1873 1357 1934 quae
1383 1850 1415 1912 ad

282 1962 505 2042 describenda,
544 1961 757 2044 disponenda,
797 1961 965 2023 halicanda
1004 1960 1182 2023 litterarum
1218 1968 1416 2023 monumenta

283 2077 421 2155 spectat,
457 2077 577 2134 veteres
611 2072 682 2134 illos
715 2071 951 2134 Alexandrinos
986 2072 1196 2153 praestitisse:
1234 2071 1288 2134 scd
1326 2072 1416 2134 multo

282 2182 379 2244 ctiam
412 2183 589 2244 tenuiorem
623 2183 733 2244 horum
767 2182 942 2244 studiorum
974 2182 1159 2244 memoriam
1191 2203 1248 2264 per
1282 2181 1414 2244 insecuta

282 2295 407 2356 saccula
425 2292 737 2376 Byzantinorurmprc
760 2293 940 2354 barbariem
964 2292 1003 2354 ad
1026 2292 1246 2374 posteritatem
1264 2314 1333 2354 esse
1356 2313 1414 2374 pro-

283 2408 451 2487 pagatam,
481 2425 722 2486 (manicarum,
754 2403 866 2485 cpribus
896 2403 965 2484 ipsa
993 2405 1088 2481 τέχνη
1110 2405 1305 2482 γραμματική
1334 2403 1414 2484 perfi-

282 2514 434 2576 ciebatur.
482 2514 541 2587 oui
565 2514 650 2576 locus
675 2513 838 2575 universus
861 2534 1023 2595 speramus
1047 2513 1115 2575 fore
1138 2517 1173 2574 ut
1198 2512 1306 2575 dedita
1328 2533 1414 2594 opera

282 2625 413 2706 (dignus
442 2628 490 2685 cst
518 2625 616 2707 enim)
645 2623 704 2685 hac
734 2627 839 2685 aetate
866 2627 1089 2705 pertractetur.
1121 2622 1240 2685 Verum
1263 2621 1414 2684 videamus

283 2734 321 2795 de
343 2733 489 2814 singulis.
536 2733 578 2796 Et
601 2733 818 2796 Alexandnmr
846 2733 972 2816 quidem
995 2733 1143 2796 Aetolum
1167 2733 1254 2795 nullo
1277 2754 1355 2795 sane
1376 2731 1413 2794 in-

282 2844 365 2906 dicio
394 2847 444 2906 sat
473 2847 558 2906 certo
588 2844 748 2926 colligitur
776 2844 813 2906 de
847 2843 983 2926 tragica
1001 2843 1086 2925 poesi
1116 2843 1290 2925 scripsisse.
1342 2841 1413 2904 Nam

282 2976 362 3036 quae
385 2955 419 3016 in
442 2953 570 3016 scholiis
596 2953 839 3035 Aristophaneis
863 2953 902 3016 ad
927 2953 1008 3016 Itan.
1035 2955 1095 3017 848
1120 2953 1209 3036 (864)
1234 2953 1412 3014 afferantur:

282 3065 330 3128 ὅτι
353 3068 388 3128 δὲ
412 3066 680 3142 λαχανοπώλιδοε
702 3066 769 3128 υἱὸς
794 3068 831 3142 ἦν
857 3066 1004 3129 ulmos(
1033 3065 1051 3127 ὁ
1075 3063 1256 3142 Εὐριπίδης,
1280 3065 1412 3128 Ἀλέξαν-

281 3175 357 3252 apoc
387 3195 497 3253 ancre,
527 3173 761 3236 concedemlum
791 3181 839 3236 est
868 3197 905 3236 cx
934 3174 1043 3235 eodem
1072 3173 1153 3235 libro
1181 3172 1246 3255 peti
1271 3171 1410 3255 potuisse,

281 3284 365 3346 unde
394 3284 615 3366 anapaestieos
640 3305 748 3346 uersus
778 3284 815 3345 ad
847 3287 982 3346 eundem
1011 3283 1197 3366 Euripidem
1225 3283 1411 3365 pertinentes

282 3394 403 3457 Gellius
427 3393 497 3474 XV,
521 3395 563 3456 20
585 3395 729 3477 sumpsit.
776 3397 860 3468 Quos
883 3394 1009 3476 quidem
1032 3415 1140 3456 versus
1163 3393 1215 3456 vix
1239 3393 1413 3455 adducimur

282 3509 316 3566 ut
339 3504 442 3567 locum
458 3503 605 3565 habuisse
621 3504 653 3566 in
672 3505 907 3566 commentariis
924 3509 1085 3586 putemus,
1110 3503 1222 3587 quibus
1246 3503 1410 3564 litterarum

282 3614 478 3695 tragicorum
502 3615 642 3675 rationes
659 3615 904 3696 explicarentur.
944 3614 1024 3688 (luid
1049 3613 1178 3676 autom‘l
1201 3612 1410 3675 rrccessarione

282 3723 329 3785 illi
350 3723 468 3805 aliquid
490 3722 528 3784 dc
544 3746 641 3806 opera
657 3746 713 3786 sua
730 3730 785 3787 aut
800 3725 926 3787 uberius
942 3723 1201 3806 perscribendum
1222 3726 1278 3785 aut
1300 3719 1411 3804 publice

282 3832 437 3895 ederrdum
454 3839 545 3895 crat?
569 3857 609 3896 an
634 3839 774 3917 poterat,
799 3835 826 3896 si
850 3834 987 3917 luberet,
1012 3834 1050 3897 dc
1067 3834 1195 3896 comicis
1211 3830 1410 3897 volmninihas

282 3944 407 4027 copiose
442 3943 490 4006 rel
524 3945 620 4006 ctiam
656 3945 870 4026 copiosissime
904 3944 1069 4026 Lycophro
1108 3964 1282 4026 exponere,
1324 3937 1411 4004 nihilo

281 4061 386 4117 curtem
415 4054 518 4116 minus
547 4055 580 4117 in
610 4078 645 4116 eo
669 4055 868 4136 ac‹priescc1·e
892 4054 1090 4135 Alexander,
1120 4059 1156 4116 ut
1183 4052 1271 4116 omni
1294 4073 1365 4115 cura
1386 4053 1409 4109 el

280 4164 448 4247 diligentia
478 4165 727 4247 simplicissimos
757 4165 877 4226 indices
902 4166 1072 4227 conticeret
1098 4164 1166 4226 sine
1190 4163 1348 4225 rationum
1370 4180 1410 4219 ex·

280 4273 437 4356 positione
446 4325 453 4356 ,
478 4297 591 4357 eosque
615 4275 749 4336 l'ortasse
774 4297 812 4336 nc
836 4275 1031 4356 cunlgaruhs
1055 4274 1195 4356 quidem,
1220 4272 1274 4334 sed
1299 4271 1410 4351 inipso

229 4398 262 4444 ⁶26
281 4384 473 4447 bibliotheca
497 4384 667 4446 servandos
690 4385 888 4465 solormmprc
911 4384 1012 4446 h'lusei
1044 4385 1207 4446 doctorum
1230 4381 1300 4444 usui
1328 4377 1411 4442 desti·
