2976 5140
294 348 355 413 658
677 367 724 413 na
748 368 817 416 ono
843 368 887 414 ππ
910 368 1052 416 ordonn.

291 519 399 602 Etynr.
429 519 472 582 Ill.
503 542 534 602 p.
559 519 636 602 601,
661 521 717 602 32,
752 521 1022 601 ὀβολοςτάτης
1051 544 1083 605 p.
1107 523 1186 601 613,
1213 521 1265 603 19,
1292 543 1392 604 qnonnn

291 630 434 712 proximo
457 629 584 693 vinculo
613 631 861 694 consociandum
885 633 1089 715 ςτατήρρ.
1115 632 1193 715 725,
1218 631 1258 693 22
1283 630 1340 712 (nbi
1357 646 1393 692 an

292 740 337 803 sie
360 740 477 804 scribe:
507 743 572 805 ἀπὸ
595 746 654 806 τοῦ
675 740 776 820 ίςτημι
799 746 858 806 τοῦ
880 745 919 806 τά
941 742 1134 809 praedicem
1156 746 1354 822 παριςτῶντοι
1369 743 1394 803 πά

290 872 324 915 τε
352 852 485 929 νόμιςμα
512 852 552 916 άν
581 852 687 931 ῥηθείη
715 853 765 915 καὶ
788 853 806 916 ὁ
829 854 911 932 πρὸς
932 876 957 916 κ.
980 875 1006 916 τ.
1029 857 1067 928 λ.,
1097 856 1153 915 ant
1181 853 1219 917 τό
1241 875 1273 918 τε
1293 851 1394 928 νόμιςμι

292 963 341 1024 καὶ
364 962 382 1024 ὁ
406 962 487 1040 ἀνὴρ
512 962 627 1040 ἐρρήθη
650 963 669 1026 ὁ
692 963 774 1040 πρὸς
797 985 821 1026 κ.
844 984 870 1026 τ.
894 963 950 1046 λ.);
973 962 1062 1041 οἴμη
1086 986 1117 1046 p.
1135 963 1209 1043 618,
1232 963 1266 1043 5,
1287 962 1395 1026 οἴνοπε

291 1094 322 1154 p.
347 1072 424 1153 618,
459 1072 516 1152 33,
551 1071 664 1136 οἶτος
698 1094 729 1154 p.
754 1072 834 1154 619,
863 1073 920 1154 28,
954 1074 1135 1147 ὀλαιτός,
1169 1074 1298 1150 ὀλεμεύς
1325 1071 1394 1153 leon.

292 1183 479 1261 ὀλυιμεάς
502 1205 539 1244 ex
562 1181 876 1265 Ηυυνολιιο)ρ.622,
897 1183 950 1263 10,
974 1183 1209 1262 ὀλιγυιίμους
1231 1206 1261 1266 p.
1277 1181 1338 1260 62],
1357 1179 1395 1246 48

292 1292 482 1370 ὀλιγωρία
517 1315 548 1374 p.
578 1292 655 1372 621,
689 1293 746 1372 46,
784 1294 896 1358 aflai
929 1315 961 1375 p.
991 1293 1069 1375 658,
1105 1294 1162 1374 37,
1196 1290 1396 1372 περιρρηδὴς

290 1425 322 1484 p.
346 1402 424 1484 664,
448 1401 506 1481 40,
534 1403 710 1480 Περςεύς
739 1424 769 1484 p.
794 1403 872 1484 665,
902 1403 959 1483 46,
987 1395 1183 1482 Πολέμων
1212 1426 1244 1486 p.
1267 1400 1333 1478 679,
1356 1397 1396 1461 52ε

292 1511 515 1590 ρυδανίζειν
543 1534 575 1593 p.
600 1512 678 1592 702,
705 1513 758 1593 16,
788 1517 1024 1590 ςιναμωρεῖν
1048 1535 1079 1594 p.
1105 1513 1182 1592 713,
1213 1513 1268 1593 31,
1294 1510 1397 1575 ςπόλιυ

290 1644 321 1704 p.
347 1623 418 1703 718,
443 1623 499 1703 37,
523 1623 707 1701 ςοφιςτής
730 1645 761 1704 p.
781 1622 852 1704 722,
877 1623 935 1703 22,
959 1625 1099 1700 τελετή
1122 1645 1155 1705 p.
1180 1623 1253 1703 751,
1277 1622 1320 1699 11,
1340 1617 1397 1680 Ζυπ.

290 1755 320 1812 p.
348 1733 443 1812 1718,
468 1733 595 1810 Φάνης
618 1731 725 1814 Etym.
750 1733 794 1793 lll.
819 1755 850 1814 p.
876 1733 948 1812 787,
972 1733 1029 1813 30,
1054 1733 1204 1813 Χείρων
1227 1755 1258 1814 p.
1280 1730 1342 1810 810,
1360 1727 1397 1790 dir.

291 1841 425 1904 Accedit
452 1842 588 1908 Λάδων
622 1841 759 1904 Bekkeri
775 1841 904 1904 nlneed.
928 1864 960 1924 p.
988 1841 1079 1924 1459,
1104 1841 1144 1904 de
1167 1863 1230 1925 qno
1252 1839 1319 1924 qnid
1338 1839 1398 1900 οππ

253 1973 255 1976 ·
290 1952 440 2034 narrarit,
465 1951 628 2015 Bekkerna
652 1952 805 2014 adnotare
828 1975 859 2034 p.
889 1952 970 2015 1393
993 1973 1039 2034 sq.
1064 1952 1182 2014 oblitus
1206 1973 1273 2014 esse
1292 1948 1398 2012 videtin.

291 2061 339 2124 Ex
363 2062 412 2125 hia
435 2063 488 2124 ubi
511 2084 548 2124 ea
570 2063 770 2145 potissimum
791 2061 955 2142 exenrerIS,
979 2083 1060 2144 quae
1077 2061 1111 2123 In
1127 2062 1195 2124 sola
1217 2059 1398 2144 orignratinn

291 2176 458 2235 versantur
486 2174 716 2256 etynnrlogioa,
747 2176 783 2234 nt
805 2173 996 2248 ἀγάλακτες,
1020 2172 1197 2251 άεςίφρων,
1220 2172 1326 2248 ἀεικής,
1344 2170 1398 2230 ἄλυ-

290 2304 363 2361 χυς,
394 2287 491 2363 βορᾶς
519 2287 551 2345 et
580 2283 716 2364 similia,
745 2283 863 2344 bonam
894 2282 1153 2345 observationum
1181 2286 1301 2364 partem
1325 2277 1399 2339 lala·

292 2393 393 2455 lionae
420 2395 523 2477 frugis
552 2393 818 2477 plenisninrarnnr.
864 2391 965 2474 Vide,
997 2394 1033 2453 ni
1060 2391 1153 2454 huius
1176 2412 1296 2475 qnoque
1316 2389 1353 2450 rei
1371 2407 1399 2446 nr

290 2503 508 2566 desiderentur
530 2504 684 2586 exempla,
710 2503 796 2564 velut
817 2503 984 2580 άθλῆςυι
1006 2523 1061 2550 ψ’
1086 2502 1135 2566 ὅτι
1157 2503 1235 2580 μετὰ
1255 2502 1310 2565 τὸν
1329 2515 1400 2560 πυτυ·

290 2615 426 2691 κλυςμὸν
457 2614 676 2691 ἐξηργηκότων
710 2615 767 2691 ἤδη
802 2617 869 2677 τῶν
898 2613 1040 2688 ἀγώνων
1069 2613 1114 2677 ὡς
1148 2615 1198 2676 καὶ
1224 2616 1288 2675 τῶν
1314 2609 1398 2671 ἄλλων

290 2725 423 2787 πάντων
445 2729 511 2788 τῶν
534 2725 569 2788 ἐν
585 2725 711 2801 ἰΈλληςι
733 2726 840 2786 καλῶν
863 2723 996 2801 ὕςτεμυν
1013 2723 1152 2786 Ἀέθλιος
1176 2721 1195 2784 ὁ
1219 2719 1400 2797 Ἐνδυμίωνος

290 2836 393 2912 πατὴρ
421 2835 599 2911 ἐπιμέλειαν
628 2835 801 2910 ἑποιὴςατυ
831 2838 886 2911 τῆς
908 2837 966 2897 τοῦ
989 2834 1206 2910 Ὀλυμπιακοῦ
1229 2831 1347 2908 ἀγῶνος
1365 2845 1400 2887 ςυ-

241 2961 272 3008 70
291 2944 441 3007 ςτάςεως·
464 2945 529 3007 άπὸ
552 2944 669 3007 τούτου
693 2943 753 3007 οὖν
775 2943 894 3018 γίνεται
922 2942 1010 3006 dela
1034 2965 1061 3006 e.
1085 2965 1116 3025 q.
1140 2965 1166 3005 υ.
1198 2943 1301 3007 οὕτως
1326 2937 1400 3012 aaa

291 3052 400 3136 (vulgo
419 3055 556 3133 Ὠρίων).
584 3052 656 3135 Vel,
680 3053 764 3135 qnod
786 3075 820 3115 ra
843 3055 892 3115 est
915 3053 1139 3130 coniunctum,
1162 3074 1207 3129 γυ
1215 3053 1360 3131 μνάτιυ,
1378 3043 1399 3104 οὶ

289 3163 384 3225 τόποι
407 3164 493 3227 ὅπου
516 3164 748 3240 ἐγυμνάζοντο·
771 3164 887 3242 κυρίως
902 3162 961 3227 οὖν
978 3164 1029 3227 ἐπὶ
1046 3167 1112 3228 τῶν
1136 3163 1293 3240 ἀθλητῶν,
1315 3157 1399 3228 ἐπειδὴ

289 3275 403 3351 γυμνοὶ
425 3275 639 3350 ἠγωνίζοντο·
667 3274 775 3353 ἐπειδὴ
798 3278 931 3352 πρῶτον
954 3274 1074 3352 γυμνὸς
1096 3273 1115 3336 ὁ
1138 3274 1314 3352 Ὄρςιππυς
1333 3269 1401 3343 dpl-

290 3404 347 3459 μεν
377 3385 412 3447 ἐν
436 3385 608 3466 Ὀλυμπίᾳ,
638 3383 683 3447 ὥς
711 3404 806 3463 φηςιν
836 3384 943 3462 Ὧρος.
987 3383 1049 3446 Vbi
1079 3405 1161 3466 quae
1190 3383 1356 3465 sequuntur
1375 3372 1401 3432 de

291 3492 420 3574 (lrsippi
450 3493 534 3555 illins
564 3492 743 3575 olympiade
766 3492 908 3573 XXXII,
940 3493 985 3555 eis
1010 3493 1092 3555 nihil
1118 3515 1191 3555 eum
1217 3491 1273 3556 Ori
1300 3485 1401 3552 nonin²

290 3602 452 3664 societatis
482 3607 544 3681 ost,
574 3605 767 3686 pernnrltnnr
796 3606 902 3665 antem
932 3625 1002 3665 eurn
1030 3603 1159 3666 scholiis
1190 3592 1400 3666 Homericisn

289 3711 399 3774 Iliadis
421 3715 450 3775 Ψ
473 3714 535 3776 683
543 3764 551 3795 ,
574 3713 657 3776 ιιιτάυ
680 3713 808 3775 fluxisse
832 3713 950 3796 poteris
974 3735 1012 3775 ex
1036 3711 1192 3776 Boeekhii
1214 3707 1401 3794 disputatione

290 3823 477 3904 intellegere
501 3824 594 3906 Corp.
618 3823 715 3887 inser.
739 3845 788 3907 gr.
812 3823 828 3886 Ι
850 3846 882 3906 p.
905 3823 969 3886 554
984 3844 1031 3906 sq.
1069 3823 1211 3886 Omnino
1234 3823 1332 3885 autern
1351 3831 1401 3898 pff·

290 3934 390 3995 inulta
414 3934 470 3996 (ni
493 3933 553 3996 lide
576 3934 702 4016 prodita
723 3937 808 4014 sunt,
832 3956 898 3996 non
921 3933 977 3995 illa
1000 3932 1041 3994 ad
1057 3932 1200 3996 Ethniea
1223 3924 1399 4015 perimentia

290 4042 324 4103 in
355 4045 467 4124 qnilnrs
500 4044 599 4105 rnnlto
633 4045 736 4126 inagis
769 4043 985 4126 antiquarium
1018 4043 1208 4125 scriptorem
1241 4040 1354 4104 videare
1378 4044 1399 4092 tl

291 4172 394 4214 rernrn
424 4158 640 4216 enarratorenr
668 4177 763 4236 quarn
791 4154 1039 4236 grammaticum
1067 4173 1245 4236 agnoscere
1266 4155 1296 4212 el
1316 4144 1398 4208 volo

290 4281 360 4322 rinn
388 4263 604 4346 interpretem.
650 4265 740 4338 Quod
768 4269 804 4327 ut
831 4287 872 4327 ne
900 4287 989 4328 secus
1013 4262 1154 4346 accipias
1162 4315 1170 4344 ,
1201 4254 1398 4326 reeonlanlnn

291 4375 353 4447 eat,
390 4373 442 4454 qni
472 4375 601 4436 tarnlon
633 4376 685 4436 illa
715 4378 820 4437 aelate
849 4374 1052 4453 γραμματικοί
1084 4374 1190 4436 vocati
1220 4373 1296 4439 sint.
1326 4380 1398 4449 ηιιῑῑῐί
