3052 5136
484 319 647 370 sennam
670 320 843 368 carnosa.
1055 319 1063 328 ·
1175 304 1236 368 123

113 475 167 538 162
192 473 236 538 ed.
264 475 362 558 Lipa,
392 497 585 560 quamquam
613 497 679 540 non
706 475 770 558 ita,
798 475 833 538 ut
861 475 903 538 ab
931 495 968 538 eo
996 477 1145 538 accurate
1168 495 1236 536 esse

114 583 164 648 hoc
193 607 288 670 genus
320 586 487 651 definitum
520 587 667 651 videatur
699 587 855 670 pleneque
891 585 1095 668 descriptum.
1152 584 1235 648 Nam

113 695 183 778 epod
209 697 273 760 eius
300 697 385 762 modi
414 697 613 782 pronominis
641 697 844 761 iterationem
872 695 917 759 ibi
945 699 1071 759 tantum
1109 694 1237 758 admitti

113 827 192 887 posse
212 808 255 872 ait
277 831 308 892 p.
324 807 399 890 402,
423 807 477 872 ubi
501 829 538 872 ex
562 807 684 872 duabus
707 807 919 870 locutionibus
943 805 1081 870 conflata
1104 805 1146 868 sit
1169 827 1237 868 ora·
1255 819 1289 866 18

112 916 159 998 tio,
181 940 245 981 eum
269 918 362 983 aliter
384 919 514 1004 incepta
529 919 624 982 aliter
645 917 686 982 ad
708 919 805 982 fiucm
828 917 1034 1002 perducatur:
1057 915 1090 980 id
1114 919 1146 980 et
1168 917 1237 980 obs-

114 1027 203 1090 curius
236 1027 353 1093 dictum
387 1033 435 1092 est
468 1051 528 1093 nee
556 1030 635 1093 satis
662 1050 745 1092 vere.
795 1028 926 1092 Etenim
953 1050 1055 1112 pauca
1082 1027 1236 1112 quaedam

113 1139 240 1221 exempla
267 1161 345 1204 sane
374 1139 420 1202 ita
447 1143 523 1203 sunt
551 1144 752 1224 comparata,
771 1143 816 1208 at
839 1139 985 1202 videatur
1010 1161 1074 1203 non
1098 1139 1238 1222 potuisse

113 1245 152 1309 bis
172 1249 241 1331 poni
264 1270 457 1334 pronomen,
482 1249 545 1313 nisi
568 1249 653 1314 binis
676 1249 780 1313 verbis
803 1249 1021 1332 grammaticis
1045 1248 1112 1312 bini
1141 1271 1238 1312 enirn·

113 1357 242 1422 tiationis
263 1360 355 1444 quasi
378 1359 504 1424 articuli
529 1360 744 1442 efficerentur,
768 1359 814 1423 ita
835 1363 870 1423 ut
885 1364 1018 1444 utraque
1041 1359 1239 1443 pronominis

112 1467 200 1532 forma
222 1472 311 1554 (unm
326 1471 431 1534 formo
445 1493 569 1555 quoque
591 1471 772 1554 discrepare
790 1469 870 1534 solet
892 1473 1073 1556 utrmnquc)
1096 1493 1153 1534 ario
1176 1471 1238 1534 cui-

113 1577 175 1641 dam
195 1585 225 1644 et
247 1581 402 1666 peculiari
426 1583 523 1644 verbo
545 1581 756 1665 grammatico
779 1585 944 1664 optaretur
960 1587 992 1644 et
1013 1581 1103 1665 quasi
1127 1580 1239 1664 agglu-

111 1689 262 1756 tinaretur.
316 1691 412 1756 Velut
444 1692 478 1754 iu
507 1691 628 1756 duobus
661 1691 842 1756 Pausaniae
871 1691 981 1773 cliniis,
1016 1713 1097 1774 quae
1130 1691 1238 1754 attulit

112 1797 300 1866 llermannus
329 1825 362 1886 p.
385 1803 464 1884 399,
493 1802 527 1866 in
555 1803 668 1886 quibus
697 1799 904 1884 intellegendi
932 1801 1138 1864 cormuoditas
1161 1802 1239 1865 111111-

110 1912 166 1972 tum
198 1911 367 1976 adiuvatur
395 1911 605 1978 collocatione
639 1913 807 1976 verborum
840 1911 1120 1996 grnnmmticorum
1156 1911 1240 1975 inter

111 2023 262 2106 utrumque
291 2045 468 2107 pronomen
492 2023 763 2108 interpositorum.
809 2022 898 2098 Quod
922 2023 1006 2086 euim
1035 2044 1052 2085 e
1080 2022 1239 2086 Pausania

111 2127 145 2209 ll,
165 2133 193 2213 3,
216 2133 236 2196 6
259 2134 520 2198 commemoravit
543 2135 719 2218 exemplum
744 2133 808 2216 (ὢν
824 2134 968 2214 ὀνόματα
982 2135 1041 2212 μέν
1056 2154 1140 2216 epici
1156 2135 1239 2213 Μέρ·

108 2261 194 2319 μερο(
214 2245 264 2310 καὶ
287 2245 426 2330 Φέρης),
456 2243 487 2308 id
518 2245 657 2308 alienum
686 2247 734 2307 est
763 2243 805 2307 ab
828 2243 888 2306 hoo
910 2265 1038 2328 genere.
1084 2243 1144 2307 sau
1168 2243 1238 2307 Μο-

110 2349 193 2414 deae
215 2376 340 2418 versum
364 2355 601 2438 Euripidiae
620 2355 700 2418 1263
725 2353 820 2441 [1285
842 2354 1076 2417 11111111112116
1100 2353 1237 2440 Naue-la]

109 2481 163 2524 uon
185 2463 295 2528 dubito
318 2465 395 2548 quin
418 2487 475 2529 suo
497 2466 564 2529 iure
586 2464 767 2528 ‹lofenderit
790 2464 994 2528 Hermamms
1018 2487 1048 2547 p.
1072 2465 1149 2528 41121

246 2623 296 2685 δεῖ
317 2619 381 2699 γάρ
402 2639 464 2684 νιν
487 2621 572 2698 ἢτοι
595 2623 663 2700 γῆς
686 2639 756 2700 (φε
779 2623 959 2702 κρυφθῆναι
981 2620 1077 2696 κάτω,

247 2731 267 2808 ἢ
291 2731 416 2808 πτηνὸν
438 2728 511 2808 ἆραι
534 2731 617 2810 (ὤμ’
640 2731 671 2794 ἐ(
694 2729 821 2810 αἰθέρος
844 2732 951 2810 βάθοε.

108 2904 296 2991 Quamquam
327 2909 412 2972 enim
439 2907 472 2972 iu
501 2907 550 2972 liis
572 2907 770 2972 desideratur
792 2907 848 2973 illn
871 2908 1037 2972 verborum
1061 2907 1238 2990 collocatio,

108 3035 193 3096 quam
214 3017 415 3082 laudavimus
437 3018 470 3082 in
494 3017 665 3100 Pausania,
689 3021 798 3082 tomen
817 3019 877 3082 hoo
900 3023 1124 3104 compensatur
1145 3019 1239 3082 detri-

108 3129 239 3192 mentum
262 3128 392 3194 invecta
413 3129 484 3208 ἤτοι
505 3128 674 3212 particula,
698 3151 760 3213 qua
783 3129 922 3212 paullum
947 3129 1118 3194 invertitur
1139 3130 1241 3192 oratio

107 3237 136 3296 et
155 3236 187 3300 iu
208 3239 271 3304 duo
293 3238 437 3302 membra
459 3239 655 3323 dispertitur.
701 3239 813 3322 ltnqne
842 3239 901 3303 etsi
929 3245 1015 3303 reete
1038 3240 1240 3324 reprobaturi]

107 3343 273 3413 abeodem
300 3347 491 3414 Hermanno
519 3353 668 3432 putamus
698 3349 790 3412 huius
818 3349 902 3413 modi
931 3349 1079 3434 loquendi
1103 3352 1240 3434 speciem

107 3458 232 3534 114021
262 3460 355 3525 οὗτοι
376 3480 427 3526 νιν
449 3461 468 3539 ἡ
491 3462 540 3540 ’μὴ
563 3461 648 3527 δεξιά
671 3462 730 3541 (φ’
753 3461 934 3543 ἀπώλεεεν,
959 3483 1039 3544 quae
1063 3483 1102 3524 ne
1124 3482 1241 3544 graeca

105 3563 222 3646 qicidem
247 3591 317 3634 esse
340 3572 457 3653 potest,
481 3571 590 3634 tamen
613 3569 730 3634 aeriter
753 3569 853 3634 eidam
877 3591 1093 3656 repugnamus
1115 3570 1154 3635 de
1176 3571 1241 3634 Me·

105 3673 177 3738 deae
198 3701 227 3744 r.
254 3679 339 3745 1322
361 3680 407 3743 sio
430 3679 601 3762 iudicanti,
632 3685 667 3744 ut
689 3683 750 3762 (φὲ
772 3681 960 3745 nmtaudum
984 3684 1112 3746 censeat
1135 3681 1168 3745 111
1190 3683 1241 3758 st:

104 3788 159 3865 (φὲ
181 3789 268 3852 enim
290 3789 370 3854 illud
392 3790 462 3874 quis
490 3790 550 3855 sibi
579 3790 768 3874 persuadeat
797 3790 904 3855 deberi
933 3791 1097 3855 librariis?
1133 3815 1152 3854 a
1174 3793 1241 3876 qui·

107 3893 158 3958 bus
180 3901 241 3980 (φὲ
264 3899 371 3982 potius
395 3923 581 3994 conversum
605 3901 779 3984 11111111,
804 3905 840 3964 111
856 3901 1018 3985 Euripidis
1041 3902 1118 3966 lone
1141 3924 1170 3965 v.
1188 3903 1239 3984 81,

104 4005 154 4068 abi
176 4007 245 4072 iure
268 4010 390 4092 optimo
412 4011 448 4076 L.
469 4011 627 4076 Dindorfii
650 4011 904 4076 emendationem
928 4013 1069 4098 reposuit
1085 4011 1240 4076 Hermun-

105 4136 169 4180 uus.
214 4117 406 4204 Incorrupta
435 4125 484 4186 est
513 4123 598 4186 enim
626 4121 778 4186 librorum
807 4123 979 4206 scripturn:
1016 4124 1057 4188 οὐ
1084 4123 1194 4190 τοίνυν
1222 4125 1241 4202 ἡ

103 4227 154 4306 ’μὴ
177 4231 266 4296 δεξιά
288 4235 346 4314 (φ’
362 4232 537 4299 ἀπώλεεεν.
570 4232 654 4297 Nam
671 4233 802 4296 Medeae
825 4233 870 4296 sio
887 4233 1096 4297 exclamanti:
1120 4235 1147 4298 dr
1170 4237 1240 4298 παῖ·

103 4339 162 4406 dcc.
187 4340 233 4404 ὼ(
258 4341 374 4409 adiectis
399 4346 532 4428 πατρῴᾳ
556 4345 660 4430 vdccpl
684 4347 758 4426 apte
781 4343 952 4428 respondet
973 4343 1061 4410 Iaso:
1095 4351 1241 4408 111111111-

974 4449 1038 4509 «161
