3052 5136
753 1080 989 1246 auru.

377 1350 1422 1480 mmmhmmhhhmmbms.

678 1521 810 1614 athas
841 1522 1061 1639 salsulae)

793 1744 943 1751 -—---—-

252 1875 279 1922 m
388 1857 500 1921 taxica
534 1863 566 1921 et
595 1859 733 1943 catalogi
767 1860 933 1942 quoniam,
967 1882 1062 1944 (luam
1096 1863 1307 1925 necessarium
1333 1884 1418 1927 usum.

301 1973 367 2031 tam
390 1971 456 2032 fere
479 1969 600 2032 arulam
624 1969 794 2033 lectionem
816 1970 955 2053 habent,
986 1993 1056 2035 cum
1080 1971 1199 2055 aliquid
1223 1973 1283 2036 loci
1304 1972 1418 2035 floridio-

301 2081 343 2142 ris
368 2081 680 2163 ciremuspiceremus
703 2080 786 2163 qaod
808 2079 857 2143 his
880 2102 960 2164 [puae
982 2081 1194 2165 insequrmtur
1208 2083 1339 2166 pagellis
1352 2104 1419 2146 corn·

302 2190 498 2253 memlationi
523 2194 621 2268 esset,
647 2190 809 2253 commode
838 2191 871 2254 in
889 2212 1002 2255 manus
1024 2191 1138 2256 incidit
1161 2192 1307 2257 volimren
1322 2193 1419 2275 epistu-

338 2340 498 2350 ...0—-—-—-

366 2422 390 2484 *l
410 2419 576 2486 [Praemisso
594 2420 796 2486 programmati
816 2419 974 2473 academico
990 2421 1130 2474 Bmmensi
1149 2420 1321 2474 celebrandis
1339 2419 1420 2472 natali·

299 2514 347 2566 ciis
367 2511 562 2580 augustissimi
581 2512 666 2580 [tegis
679 2511 811 2565 Friderici
825 2511 954 2566 Guilelmi
968 2512 1004 2566 IV
1024 2515 1155 2582 evulgato
1168 2532 1192 2568 a.
1208 2511 1420 2568 clolocccmi:

300 2625 354 2674 quo
373 2606 517 2660 fasciculus
537 2606 561 2658 ll
581 2605 738 2659 continetur
751 2605 894 2659 Antonii
912 2605 1038 2660 Klettii
1057 2606 1148 2661 studio
1167 2607 1285 2662 confecti
1302 2605 1421 2672 ‘t'atalogi

300 2699 548 2768 chirographorum
571 2698 599 2750 in
617 2697 789 2752 bibliotheca
812 2698 973 2753 academica
989 2699 1130 2754 Bonneusi
1148 2702 1338 2755 servatorum'.
1370 2698 1422 2751 Eiu-

301 2793 428 2860 t'atalogi
452 2791 582 2845 lhsciculo
606 2792 631 2857 1,
659 2808 754 2858 quem,
787 2797 817 2844 ut
845 2792 953 2847 muneri
979 2792 1144 2860 professoris
1169 2794 1341 2861 eloquentiae
1368 2791 1421 2844 satis

299 2890 429 2952 tacerem,
447 2904 497 2954 per
516 2884 632 2938 eandem
652 2885 825 2938 occasionem
843 2901 916 2938 anuo
936 2883 1182 2939 Cloiocconvnl
1201 2886 1348 2950 edideram,
1365 2899 1423 2952 quae

302 2983 359 3031 tum
378 2979 521 3048 praelatus
541 2996 610 3042 suni,
629 2978 702 3032 iutra
720 2978 851 3046 ponenda
870 2978 942 3031 duxi.

369 3072 575 3139 ‘tlogitautibus
593 3072 686 3136 nobie,
705 3071 857 3138 quantillae
876 3072 977 3126 sintin
996 3090 1029 3126 co
1049 3089 1150 3141 genere
1170 3074 1246 3140 qnod
1263 3073 1338 3127 libris
1355 3089 1423 3125 uranu

303 3167 411 3235 scriptis
437 3166 594 3220 continetur
617 3166 742 3234 copiohie
765 3169 877 3220 nostrae
901 3167 1076 3231 BonnenseS,
1099 3170 1279 3236 comparatae
1301 3167 1362 3220 illae
1378 3164 1423 3230 qui·

302 3261 419 3313 dommi
443 3260 559 3313 aliarmn
578 3259 811 3313 bibliothecarum
834 3259 876 3312 vel
895 3259 1004 3314 felicem
1027 3260 1187 3314 ubertatem
1209 3261 1253 3314 vel
1276 3259 1424 3316 mediocrem

303 3357 454 3419 ltu-tunam,
483 3371 538 3407 uon
561 3356 686 3420 protecto
710 3357 821 3420 praeter
849 3353 1085 3420 exspectationem
1103 3353 1225 3418 accidet,
1249 3353 1271 3407 si
1293 3352 1339 3421 qui
1361 3350 1425 3406 huius¹

303 3465 374 3513 quac
393 3447 518 3500 subiecta
537 3449 578 3498 est
597 3446 704 3514 opellae
722 3446 889 3499 tenuitatem
908 3446 997 3514 primo
1016 3446 1150 3516 adspectu
1174 3448 1217 3500 rel
1240 3447 1338 3501 leniter
1356 3441 1426 3497 saliri·

303 3541 387 3593 ‹lcaut
406 3541 449 3592 vel
470 3539 613 3593 tastitliose
631 3541 803 3593 miserentur.
836 3539 909 3603 tluos
928 3544 1024 3593 tamea
1042 3540 1185 3606 aliquanto
1205 3539 1307 3593 rectius
1325 3533 1426 3592 institut

303 3633 390 3687 nostri
410 3632 553 3686 consilium
572 3636 600 3686 et
617 3633 850 3700 interpretaturos
869 3635 898 3686 ct
916 3633 1111 3686 aestimaturos
1131 3633 1305 3698 confidimus,
1323 3632 1357 3696 si,
1374 3626 1425 3696 quil

304 3746 347 3780 res
371 3728 432 3796 ipsa
451 3727 559 3795 flagitet
582 3731 610 3781 ct
629 3745 697 3780 sana
720 3727 792 3779 ratio
811 3726 940 3792 sument,
963 3727 1057 3795 paullo
1079 3726 1211 3793 aequiore
1235 3727 1328 3780 auimo
1350 3739 1425 3778 secun

305 3820 495 3891 reputaverint
513 3820 634 3887 nihilque
652 3838 702 3875 nos
721 3819 837 3874 alieuius
856 3821 959 3874 habore
973 3837 1055 3886 quam
1072 3820 1238 3875 ambitiosae
1251 3815 1425 3876 commuteris

304 3916 448 3969 ridiculam
468 3915 674 3968 contentionem
693 3914 892 3983 perspexerint.
918 3913 997 3976 Quod
1016 3912 1089 3966 euim
1107 3914 1191 3981 vulgo
1210 3917 1296 3968 fertur
1315 3907 1425 3982 pauperis

305 4027 365 4060 csse
383 4025 529 4062 numerare
549 4025 645 4075 pecus,
670 4007 698 4059 id
717 4006 769 4059 etsi
787 4008 815 4060 iu
833 4025 883 4060 uos
903 4006 977 4060 cadit
996 4009 1026 4059 ut·
1044 4007 1119 4074 quod
1135 4007 1269 4072 maxime,
1288 4009 1376 4060 tamen
1391 3999 1424 4052 rrl

306 4102 420 4169 exiguus
439 4119 506 4168 grex
527 4119 588 4154 cum
607 4102 668 4169 plus
688 4101 816 4154 utilitatis
839 4101 1000 4153 numeratus
1020 4102 1046 4152 et
1066 4099 1221 4168 descriptus
1239 4099 1340 4152 habeat
1356 4111 1424 4161 qum

305 4196 449 4258 neglectus
468 4197 496 4247 et
515 4195 693 4258 delitescens,
717 4212 751 4246 ne
770 4193 797 4245 in
816 4193 868 4246 hac
891 4192 1002 4259 quidem
1025 4194 1106 4262 parte
1126 4191 1150 4246 ei
1168 4210 1219 4246 nos
1237 4192 1327 4246 officio
1344 4188 1423 4242 deese

305 4306 356 4355 par
374 4288 434 4352 suit,
455 4287 528 4354 quod
551 4287 609 4340 iure
629 4287 750 4341 creditur
769 4304 829 4340 eum
848 4285 1038 4340 bibliothecali
1058 4303 1170 4340 munere
1189 4289 1331 4352 nimquam
1347 4297 1421 4334 neccs-

306 4381 379 4435 sario
404 4381 511 4436 vinculo
535 4382 710 4436 coniunctum
739 4398 807 4437 esse.
845 4381 875 4434 lu
898 4380 999 4438 litteris
1023 4383 1117 4436 autem
1139 4379 1271 4450 quoniam
1293 4375 1353 4433 nihil
1373 4390 1419 4426 aa
