2942 5134
325 307 362 355 rs
384 307 519 358 sarran
542 307 623 356 ιον.
646 306 782 358 cassas
804 292 984 358 254-261.
1160 293 1222 358 367

74 461 183 546 Atqui
220 460 408 545 languidum
442 482 510 524 esse
543 464 576 524 et
608 481 879 544 supervacaneum
915 460 1045 544 reliquis
1081 461 1225 526 additum

75 575 168 648 λέγοι
203 574 335 654 uterque
368 570 479 635 sensit.
539 569 583 634 Elt
615 569 761 654 profecto
793 570 943 654 languet,
977 571 1004 633 si
1037 569 1141 636 ‘dico’
1173 571 1226 636 vel

75 681 244 764 ‘inquam’
267 681 416 744 vertitur:
440 701 506 744 non
521 679 698 764 languebit,
722 679 777 743 ubi
798 681 1067 761 ἐμφατικαιτέρωε
1089 702 1225 764 aequare

75 790 280 872 ‘indicendi,
303 789 504 872 declarandi,
527 789 777 873 pronuntiandi'
800 789 965 856 notionem
986 789 1168 874 putabitur,
1190 793 1227 854 ut

76 899 168 962 enim
202 900 388 982 saepissime
421 899 499 964 illud
534 899 598 964 vim
630 898 781 962 hortandi
814 898 984 963 iubendive
1016 899 1137 982 induit,
1178 900 1225 962 ita

76 1009 164 1073 nihil
192 1009 327 1094 impedit
352 1010 520 1093 quominus
548 1009 645 1074 etiam
676 1009 883 1092 promittendi
909 1009 1108 1093 vovendique
1137 1011 1224 1092 pote-

76 1123 201 1183 statem
223 1119 444 1184 communicet.
488 1117 608 1182 Verum
630 1119 677 1182 sic
704 1118 872 1182 fatendum
895 1121 943 1182 est
965 1140 1043 1182 sane
1068 1118 1104 1182 in
1130 1117 1224 1182 unius

77 1228 331 1294 constructionis
354 1228 566 1294 continuitate
588 1230 624 1293 ἐκ
645 1230 855 1308 παραλλήλου
883 1227 1022 1311 positum
1050 1229 1225 1308 ἐπεύχομαι

75 1337 180 1402 verbo
207 1359 273 1402 non
295 1337 497 1404 mediocriter
524 1337 694 1402 offendere.
739 1337 813 1402 Non
836 1335 970 1402 offendit
994 1335 1122 1422 quidem
1143 1337 1224 1402 Her-

76 1469 254 1513 mannum:
283 1447 338 1512 sed
366 1448 452 1512 hunc
474 1448 578 1531 ipsum
600 1448 636 1510 in
658 1469 696 1540 ea
719 1469 831 1512 caussa
853 1468 918 1512 non
941 1446 1134 1514 audiendum
1155 1470 1224 1514 esse

75 1557 177 1622 facile
214 1562 263 1622 est
299 1559 339 1622 ad
375 1557 667 1622 demonstrandum.
726 1557 828 1634 Quam
865 1555 951 1620 enim
988 1557 1224 1622 excusationem

76 1667 238 1732 tutandae
270 1667 414 1732 codicum
447 1667 619 1732 memoriae
650 1668 685 1732 in
718 1689 748 1730 v.
778 1666 841 1732 265
873 1665 1035 1750 adhibuit,
1070 1667 1124 1731 ubi
1157 1689 1223 1732 non

77 1777 262 1860 percepisse
290 1777 426 1842 editores
454 1779 501 1842 ait
530 1777 679 1842 eximiam
706 1777 770 1842 vim
802 1777 975 1842 iracundae
1002 1777 1155 1842 orationis
1188 1777 1223 1842 in

77 1887 146 1950 illis
169 1909 250 1970 quae
272 1891 348 1952 sunt
369 1890 434 1965 ἐγὼ
457 1891 491 1953 δ’
512 1889 567 1954 ἐπ’
595 1887 716 1967 ἄνδρα(
742 1889 775 1952 ἓξ
797 1887 866 1966 ἐμολ
894 1889 950 1952 οὐν
980 1887 1106 1972 ἑβδόμῳ
1129 1887 1222 1967 ἀντη-

77 1999 176 2077 ρέτας
199 1999 335 2078 ἐχθροῑει
432 1998 475 2062 εἰ(
498 1998 691 2077 ἑπτατειχεῖς
711 1997 844 2064 ἐξόδου(
859 1997 960 2080 τάξω,
984 1996 1118 2061 candem
1132 1997 1223 2062 illum

78 2107 210 2170 veniam
237 2106 299 2170 huc
325 2107 528 2172 transtulisse
556 2109 808 2172 consentaneum
830 2110 887 2170 est.
933 2105 978 2170 Et
1003 2109 1113 2170 tamen
1141 2106 1223 2170 nihil

78 2238 151 2280 esse
181 2217 360 2282 evidentius
387 2219 494 2300 potest
521 2239 617 2300 quam
649 2216 773 2300 pridem
803 2237 947 2299 repressa
976 2237 1014 2279 ea
1044 2215 1221 2298 iracundia,

78 2347 145 2409 qua
172 2326 208 2390 in
234 2327 367 2410 pavidas
391 2331 655 2412 contumacesque
683 2325 825 2412 virginea
855 2325 999 2388 invectus
1022 2329 1092 2390 erat
1113 2329 1221 2408 antea,
1316 2307 1320 2314 ’

78 2437 148 2500 iam
174 2439 276 2500 totum
304 2436 340 2500 in
366 2457 403 2500 eo
430 2457 539 2522 regem
567 2457 635 2500 csse
664 2439 700 2500 ut
726 2435 855 2520 placata
882 2437 990 2500 mente
1014 2435 1119 2518 (τοῦτ’
1149 2435 1223 2502 ἀντ’

78 2548 213 2612 ἐκείνων
236 2546 359 2612 τοῦπος
381 2547 527 2626 αἱροῦμαι
548 2547 669 2628 (ἑθεν),
697 2545 753 2610 sed
774 2544 972 2610 imminentis
994 2543 1128 2628 periculi
1149 2567 1222 2630 gra-

78 2656 182 2720 vitate
211 2657 354 2741 graviter
381 2659 526 2739 permota
552 2676 667 2740 graves
694 2653 945 2739 tranquillasque
967 2676 1078 2738 preces
1107 2655 1223 2720 fundat

79 2765 319 2850 compositeque
334 2766 480 2830 oratione
495 2769 570 2830 vota
586 2767 759 2849 nuncupet.
797 2764 837 2828 Ei
858 2764 958 2849 igitur
973 2763 1073 2828 animi
1094 2764 1222 2830 affectui

80 2875 311 2940 convenienter
332 2896 427 2959 quem
450 2875 489 2940 ad
518 2874 646 2939 modum
668 2897 734 2940 non
757 2874 851 2958 illud,
889 2873 972 2959 quod
1001 2873 1221 2940 artificiosiore

80 2985 229 3048 acumine
251 2984 458 3050 Hermannus
480 3005 631 3050 excusare
653 2985 790 3068 studuit,
820 2983 875 3047 sed
900 2983 961 3048 boc
988 2984 1093 3068 potius
1116 2985 1221 3050 dicere

79 3087 230 3158 Eteocles
256 3094 433 3178 videbitur,
467 3095 549 3179 quod
580 3115 646 3158 non
681 3116 780 3178 egens
808 3094 1013 3159 excusatione
1048 3095 1222 3160 maximam

80 3203 391 3268 commendationem
420 3203 635 3288 simplicitatis
662 3204 774 3268 habet:
802 3205 867 3282 ἐγὼ
896 3207 930 3269 b'
958 3205 1012 3270 ἐτ’
1041 3205 1161 3286 ἄνδρα(
1189 3207 1221 3274 ἓξ

79 3315 151 3392 ἐμοὶ
172 3315 229 3379 triv
257 3315 384 3396 ἑβδόμῳ
406 3335 435 3378 e.
457 3335 488 3398 q.
512 3336 537 3378 s.
563 3311 637 3396 (nec
664 3313 750 3378 enim
777 3313 911 3399 dignum
939 3314 989 3378 cui
1017 3315 1255 3382 immoremurv

81 3422 219 3486 Burtoni
241 3421 482 3508 Blomfieldique
498 3425 713 3488 commentum
734 3425 799 3500 ἐγὼ
821 3425 857 3488 δέ
879 3427 913 3501 γ’
935 3425 1087 3510 debono:
1110 3425 1157 3488 ita
1179 3425 1221 3488 ab

81 3532 193 3596 eadem
220 3533 306 3618 regis
328 3532 521 3598 condicione
548 3532 666 3598 iterata
693 3531 729 3594 in
752 3533 837 3610 λέγω
859 3536 893 3597 et
919 3535 1093 3614 ἐπεύχομαι
1114 3534 1220 3598 verbis

80 3641 218 3706 vovendi
239 3643 328 3706 notio
355 3664 420 3706 non
449 3643 568 3726 poterit
598 3664 665 3707 non
689 3643 796 3706 aliena
822 3640 967 3708 iudicari.
1012 3642 1102 3718 Quod
1124 3643 1152 3708 si
1174 3643 1221 3708 ita

80 3755 146 3833 est,
170 3750 255 3816 haud
278 3752 454 3834 immerito,
477 3751 512 3816 in
527 3757 635 3816 utrum
656 3751 761 3816 locum
776 3751 897 3836 aliquid
911 3753 1097 3838 suspitionis
1113 3754 1218 3838 cedat,

79 3865 260 3944 quaerebir.

165 3969 241 4036 Non
267 3971 387 4056 poterit
407 3975 530 4056 autem,
560 3971 615 4056 qui
643 3968 683 4036 ad
706 3969 770 4037 vim
799 3969 952 4058 simplicis
981 3971 1125 4040 veritatis
1153 3995 1220 4040 non

79 4099 210 4165 promus
225 4081 425 4166 occalluerit,
447 4083 513 4146 ullo
532 4083 626 4148 modo
647 4083 869 4168 gravissimas,
892 4085 1006 4169 quibus
1028 4084 1095 4168 ipse
1110 4107 1219 4151 versus

79 4190 143 4256 259
165 4190 320 4256 obnoxius
342 4195 407 4274 eat,
430 4189 645 4258 dubitationes
660 4193 710 4258 vel
733 4192 931 4258 dissimulare
952 4194 1003 4258 vel
1024 4199 1219 4263 monstratas

79 4300 229 4364 infitiari:
251 4305 423 4386 quaesunt
438 4323 569 4368 numero
591 4307 750 4388 quattuor.
795 4303 880 4370 Nam
902 4301 1039 4388 primum
1054 4304 1124 4394 quis
1145 4309 1220 4394 post
