<?xml version="1.0" encoding="UTF-8"?>
<!DOCTYPE html PUBLIC "-//W3C//DTD XHTML 1.0 Transitional//EN"
    "http://www.w3.org/TR/xhtml1/DTD/xhtml1-transitional.dtd">
<html xmlns="http://www.w3.org/1999/xhtml" xml:lang="en" lang="en">
 <head>
  <title>
</title>
<meta http-equiv="Content-Type" content="text/html;charset=utf-8" />
  <meta name='ocr-system' content='tesseract 3.04.00' />
  <meta name='ocr-capabilities' content='ocr_page ocr_carea ocr_par ocr_line ocrx_word'/>
</head>
<body>
  <div class='ocr_page' id='page_1' title='image "./fridericiritsch04ritsgoog_0561.png"; bbox 0 0 2954 5134; ppageno 0'>
   <div class='ocr_carea' id='block_1_1' title="bbox 267 363 1042 427">
    <p class='ocr_par' dir='ltr' id='par_1_1' title="bbox 267 363 1042 427">
     <span class='ocr_line' id='line_1_1' title="bbox 267 363 1042 427; baseline -0.005 0"><span class='ocrx_word' id='word_1_1' title='bbox 267 363 330 427; x_wconf 85' lang='lat'>534</span> <span class='ocrx_word' id='word_1_2' title='bbox 643 378 690 423; x_wconf 84' lang='lat' dir='ltr'><strong>na</strong></span> <span class='ocrx_word' id='word_1_3' title='bbox 713 377 842 425; x_wconf 84' lang='lat' dir='ltr'><strong>comen</strong></span> <span class='ocrx_word' id='word_1_4' title='bbox 864 376 1042 423; x_wconf 80' lang='lat' dir='ltr'><strong>vasrunra</strong></span> 
     </span>
    </p>
   </div>
   <div class='ocr_carea' id='block_1_2' title="bbox 224 529 1470 4664">
    <p class='ocr_par' dir='ltr' id='par_1_2' title="bbox 269 529 1470 1274">
     <span class='ocr_line' id='line_1_2' title="bbox 269 529 1470 614; baseline -0.002 -19"><span class='ocrx_word' id='word_1_5' title='bbox 269 532 318 612; x_wconf 84' lang='lat' dir='ltr'><strong>ed.</strong></span> <span class='ocrx_word' id='word_1_6' title='bbox 331 529 435 595; x_wconf 90' lang='lat' dir='ltr'><strong>Bonn.</strong></span> <span class='ocrx_word' id='word_1_7' title='bbox 451 553 468 595; x_wconf 88' lang='lat' dir='ltr'><strong>e</strong></span> <span class='ocrx_word' id='word_1_8' title='bbox 483 530 637 613; x_wconf 84' lang='lat' dir='ltr'><strong>Dionysio</strong></span> <span class='ocrx_word' id='word_1_9' title='bbox 652 529 703 593; x_wconf 89' lang='lat' dir='ltr'>his</span> <span class='ocrx_word' id='word_1_10' title='bbox 718 551 798 614; x_wconf 87' lang='lat' dir='ltr'><strong>quae</strong></span> <span class='ocrx_word' id='word_1_11' title='bbox 814 529 1020 594; x_wconf 88' lang='lat' dir='ltr'><strong>subiecimus:</strong></span> <span class='ocrx_word' id='word_1_12' title='bbox 1036 530 1118 610; x_wconf 88' lang='grc' dir='ltr'>πρὸς</span> <span class='ocrx_word' id='word_1_13' title='bbox 1130 529 1257 594; x_wconf 84' lang='grc' dir='ltr'>τούτοις</span> <span class='ocrx_word' id='word_1_14' title='bbox 1270 531 1316 593; x_wconf 89' lang='grc' dir='ltr'>καὶ</span> <span class='ocrx_word' id='word_1_15' title='bbox 1326 529 1388 593; x_wconf 81' lang='lat' dir='ltr'><strong>llut-</strong></span> <span class='ocrx_word' id='word_1_16' title='bbox 1469 565 1470 570; x_wconf 25' lang='grc' dir='ltr'>ν</span> 
     </span>
     <span class='ocr_line' id='line_1_3' title="bbox 269 611 1388 721; baseline -0.001 -16"><span class='ocrx_word' id='word_1_17' title='bbox 269 643 339 706; x_wconf 92' lang='grc' dir='ltr'>λίας</span> <span class='ocrx_word' id='word_1_18' title='bbox 361 642 380 706; x_wconf 89' lang='grc' dir='ltr'>ὁ</span> <span class='ocrx_word' id='word_1_19' title='bbox 402 643 458 706; x_wconf 87' lang='grc' dir='ltr'>τὰς</span> <span class='ocrx_word' id='word_1_20' title='bbox 479 611 609 721; x_wconf 78' lang='grc' dir='ltr'>πράξεις</span> <span class='ocrx_word' id='word_1_21' title='bbox 631 641 864 715; x_wconf 84' lang='grc' dir='ltr'>Ἀγαθοκλέους</span> <span class='ocrx_word' id='word_1_22' title='bbox 885 640 1024 721; x_wconf 89' lang='grc' dir='ltr'>γράφων</span> <span class='ocrx_word' id='word_1_23' title='bbox 1040 639 1176 717; x_wconf 91' lang='grc' dir='ltr'>γυναῖκά</span> <span class='ocrx_word' id='word_1_24' title='bbox 1196 660 1267 705; x_wconf 89' lang='grc' dir='ltr'>τινα</span> <span class='ocrx_word' id='word_1_25' title='bbox 1286 639 1388 718; x_wconf 86' lang='grc' dir='ltr'>Ῥώμην</span> 
     </span>
     <span class='ocr_line' id='line_1_4' title="bbox 269 750 1470 835; baseline -0.003 -19"><span class='ocrx_word' id='word_1_26' title='bbox 269 751 413 830; x_wconf 89' lang='grc' dir='ltr'>τοῦνομά</span> <span class='ocrx_word' id='word_1_27' title='bbox 437 771 512 831; x_wconf 93' lang='grc' dir='ltr'>φηςι</span> <span class='ocrx_word' id='word_1_28' title='bbox 535 751 674 835; x_wconf 77' lang='grc' dir='ltr'>Τρῳάδα</span> <span class='ocrx_word' id='word_1_29' title='bbox 695 750 734 814; x_wconf 88' lang='grc' dir='ltr'>τὸ</span> <span class='ocrx_word' id='word_1_30' title='bbox 756 751 853 826; x_wconf 91' lang='grc' dir='ltr'>γένος</span> <span class='ocrx_word' id='word_1_31' title='bbox 875 751 931 816; x_wconf 89' lang='grc' dir='ltr'>εὐν</span> <span class='ocrx_word' id='word_1_32' title='bbox 953 753 1022 815; x_wconf 87' lang='grc' dir='ltr'>τοῖς</span> <span class='ocrx_word' id='word_1_33' title='bbox 1043 752 1166 829; x_wconf 89' lang='grc' dir='ltr'>Τρωςῖν</span> <span class='ocrx_word' id='word_1_34' title='bbox 1189 750 1337 815; x_wconf 85' lang='grc' dir='ltr'>ἐλθοῡςαν</span> <span class='ocrx_word' id='word_1_35' title='bbox 1353 755 1389 832; x_wconf 81' lang='grc' dir='ltr'>τῷ</span> <span class='ocrx_word' id='word_1_36' title='bbox 1469 769 1470 780; x_wconf 65' lang='grc'>’</span> 
     </span>
     <span class='ocr_line' id='line_1_5' title="bbox 269 860 1391 945; baseline -0.004 -18"><span class='ocrx_word' id='word_1_37' title='bbox 269 865 439 941; x_wconf 85' lang='grc' dir='ltr'>τηνικαῦτα</span> <span class='ocrx_word' id='word_1_38' title='bbox 461 861 657 939; x_wconf 87' lang='grc' dir='ltr'>βαςιλεύοντι</span> <span class='ocrx_word' id='word_1_39' title='bbox 679 860 804 945; x_wconf 83' lang='grc' dir='ltr'>Λατίνῳ</span> <span class='ocrx_word' id='word_1_40' title='bbox 827 865 882 938; x_wconf 90' lang='grc' dir='ltr'>τῆς</span> <span class='ocrx_word' id='word_1_41' title='bbox 905 861 1034 924; x_wconf 89' lang='grc' dir='ltr'>Ἰταλίας</span> <span class='ocrx_word' id='word_1_42' title='bbox 1050 862 1215 940; x_wconf 68' lang='grc' dir='ltr'>’γήμαςθαι</span> <span class='ocrx_word' id='word_1_43' title='bbox 1243 861 1290 924; x_wconf 91' lang='grc' dir='ltr'>καί</span> <span class='ocrx_word' id='word_1_44' title='bbox 1309 861 1391 924; x_wconf 87' lang='grc' dir='ltr'>τεκεῖν</span> 
     </span>
     <span class='ocr_line' id='line_1_6' title="bbox 269 970 1470 1064; baseline -0.003 -28"><span class='ocrx_word' id='word_1_45' title='bbox 269 973 357 1056; x_wconf 83' lang='grc' dir='ltr'>αὐτῷ</span> <span class='ocrx_word' id='word_1_46' title='bbox 373 975 488 1035; x_wconf 84' lang='grc' dir='ltr'>παῖδας</span> <span class='ocrx_word' id='word_1_47' title='bbox 509 974 594 1050; x_wconf 86' lang='grc' dir='ltr'>τρεῖς</span> <span class='ocrx_word' id='word_1_48' title='bbox 615 971 764 1049; x_wconf 84' lang='grc' dir='ltr'>Ῥῶμον</span> <span class='ocrx_word' id='word_1_49' title='bbox 787 970 849 1034; x_wconf 86' lang='grc' dir='ltr'>καὶ</span> <span class='ocrx_word' id='word_1_50' title='bbox 870 971 1068 1048; x_wconf 85' lang='grc' dir='ltr'>Ῥωμύλον</span> <span class='ocrx_word' id='word_1_51' title='bbox 1090 972 1152 1035; x_wconf 89' lang='grc' dir='ltr'>καὶ</span> <span class='ocrx_word' id='word_1_52' title='bbox 1174 971 1391 1051; x_wconf 77' lang='grc' dir='ltr'>Τηλέγονον,</span> <span class='ocrx_word' id='word_1_53' title='bbox 1469 1035 1470 1064; x_wconf 58' lang='lat'><strong>,</strong></span> 
     </span>
     <span class='ocr_line' id='line_1_7' title="bbox 270 1079 1470 1159; baseline -0.003 -14"><span class='ocrx_word' id='word_1_54' title='bbox 270 1082 309 1145; x_wconf 90' lang='grc' dir='ltr'>ὃν</span> <span class='ocrx_word' id='word_1_55' title='bbox 332 1081 452 1158; x_wconf 78' lang='grc' dir='ltr'>οἰκῆται</span> <span class='ocrx_word' id='word_1_56' title='bbox 479 1082 515 1146; x_wconf 91' lang='grc' dir='ltr'>έν</span> <span class='ocrx_word' id='word_1_57' title='bbox 538 1079 649 1143; x_wconf 83' lang='grc' dir='ltr'>ἄλλοις</span> <span class='ocrx_word' id='word_1_58' title='bbox 676 1079 807 1159; x_wconf 86' lang='grc' dir='ltr'>χωρίοις</span> <span class='ocrx_word' id='word_1_59' title='bbox 835 1080 980 1156; x_wconf 84' lang='grc' dir='ltr'>ἐλέγετο·</span> <span class='ocrx_word' id='word_1_60' title='bbox 1007 1081 1132 1159; x_wconf 86' lang='grc' dir='ltr'>Ῥῶμον</span> <span class='ocrx_word' id='word_1_61' title='bbox 1159 1081 1196 1145; x_wconf 78' lang='grc' dir='ltr'>δὲ</span> <span class='ocrx_word' id='word_1_62' title='bbox 1224 1080 1275 1143; x_wconf 87' lang='grc' dir='ltr'>καί</span> <span class='ocrx_word' id='word_1_63' title='bbox 1294 1079 1392 1156; x_wconf 79' lang='grc' dir='ltr'>Ῥωμύ·</span> <span class='ocrx_word' id='word_1_64' title='bbox 1469 1083 1470 1114; x_wconf 84' lang='lat'>³</span> 
     </span>
     <span class='ocr_line' id='line_1_8' title="bbox 270 1188 1391 1274; baseline -0.004 -20"><span class='ocrx_word' id='word_1_65' title='bbox 270 1194 329 1257; x_wconf 91' lang='grc' dir='ltr'>λον</span> <span class='ocrx_word' id='word_1_66' title='bbox 351 1194 468 1255; x_wconf 80' lang='grc' dir='ltr'>παῖδας</span> <span class='ocrx_word' id='word_1_67' title='bbox 490 1190 629 1255; x_wconf 88' lang='grc' dir='ltr'>Λατίνου</span> <span class='ocrx_word' id='word_1_68' title='bbox 650 1191 701 1254; x_wconf 87' lang='grc' dir='ltr'>καὶ</span> <span class='ocrx_word' id='word_1_69' title='bbox 722 1190 844 1269; x_wconf 86' lang='grc' dir='ltr'>Ῥώμης</span> <span class='ocrx_word' id='word_1_70' title='bbox 865 1194 922 1268; x_wconf 87' lang='grc' dir='ltr'>τῆς</span> <span class='ocrx_word' id='word_1_71' title='bbox 943 1191 1098 1274; x_wconf 84' lang='grc' dir='ltr'>Τρῳάδος</span> <span class='ocrx_word' id='word_1_72' title='bbox 1119 1192 1179 1270; x_wconf 85' lang='grc' dir='ltr'>τήν</span> <span class='ocrx_word' id='word_1_73' title='bbox 1201 1190 1294 1255; x_wconf 88' lang='grc' dir='ltr'>πόλιν</span> <span class='ocrx_word' id='word_1_74' title='bbox 1313 1188 1391 1253; x_wconf 82' lang='grc' dir='ltr'>κτίται</span> 
     </span>
    </p>

    <p class='ocr_par' dir='ltr' id='par_1_3' title="bbox 224 1298 1393 2593">
     <span class='ocr_line' id='line_1_9' title="bbox 271 1298 1390 1384; baseline -0.003 -20"><span class='ocrx_word' id='word_1_75' title='bbox 271 1302 320 1364; x_wconf 89' lang='grc' dir='ltr'>καὶ</span> <span class='ocrx_word' id='word_1_76' title='bbox 341 1302 466 1379; x_wconf 89' lang='grc' dir='ltr'>Ῥώμην</span> <span class='ocrx_word' id='word_1_77' title='bbox 489 1300 616 1364; x_wconf 89' lang='grc' dir='ltr'>καλέςαι</span> <span class='ocrx_word' id='word_1_78' title='bbox 638 1305 684 1384; x_wconf 84' lang='grc' dir='ltr'>τῷ</span> <span class='ocrx_word' id='word_1_79' title='bbox 707 1302 844 1384; x_wconf 84' lang='grc' dir='ltr'>μητρώῳ</span> <span class='ocrx_word' id='word_1_80' title='bbox 867 1300 1016 1379; x_wconf 85' lang='grc' dir='ltr'>ὀνόματι,</span> <span class='ocrx_word' id='word_1_81' title='bbox 1038 1300 1115 1365; x_wconf 90' lang='grc' dir='ltr'>τούς</span> <span class='ocrx_word' id='word_1_82' title='bbox 1137 1321 1172 1364; x_wconf 91' lang='grc' dir='ltr'>τε</span> <span class='ocrx_word' id='word_1_83' title='bbox 1194 1299 1261 1365; x_wconf 87' lang='grc' dir='ltr'>άπὸ</span> <span class='ocrx_word' id='word_1_84' title='bbox 1275 1298 1390 1364; x_wconf 85' lang='grc' dir='ltr'>Λατίνου</span> 
     </span>
     <span class='ocr_line' id='line_1_10' title="bbox 270 1407 1390 1489; baseline -0.004 -14"><span class='ocrx_word' id='word_1_85' title='bbox 270 1411 441 1485; x_wconf 78' lang='grc' dir='ltr'>Λατίνους,</span> <span class='ocrx_word' id='word_1_86' title='bbox 464 1411 540 1474; x_wconf 87' lang='grc' dir='ltr'>τοὺς</span> <span class='ocrx_word' id='word_1_87' title='bbox 555 1410 606 1473; x_wconf 85' lang='grc' dir='ltr'>καὶ</span> <span class='ocrx_word' id='word_1_88' title='bbox 621 1407 818 1488; x_wconf 85' lang='grc' dir='ltr'>Ἀβορίγινας</span> <span class='ocrx_word' id='word_1_89' title='bbox 833 1409 993 1489; x_wconf 86' lang='grc' dir='ltr'>πρότερον</span> <span class='ocrx_word' id='word_1_90' title='bbox 1010 1410 1224 1489; x_wconf 76' lang='grc' dir='ltr'>λεγομένους,</span> <span class='ocrx_word' id='word_1_91' title='bbox 1237 1407 1390 1486; x_wconf 84' lang='grc' dir='ltr'>Ῥωμαίους</span> 
     </span>
     <span class='ocr_line' id='line_1_11' title="bbox 270 1518 1392 1602; baseline -0.005 -18"><span class='ocrx_word' id='word_1_92' title='bbox 270 1524 529 1601; x_wconf 87' lang='grc' dir='ltr'>προςαγορεῦςαι.</span> <span class='ocrx_word' id='word_1_93' title='bbox 575 1521 722 1602; x_wconf 81' lang='lat' dir='ltr'><strong>Apparet</strong></span> <span class='ocrx_word' id='word_1_94' title='bbox 753 1518 954 1582; x_wconf 73' lang='lat' dir='ltr'><strong>intercidisse</strong></span> <span class='ocrx_word' id='word_1_95' title='bbox 981 1520 1017 1582; x_wconf 89' lang='lat' dir='ltr'><strong>in</strong></span> <span class='ocrx_word' id='word_1_96' title='bbox 1045 1524 1075 1582; x_wconf 89' lang='lat' dir='ltr'><em>B</em></span> <span class='ocrx_word' id='word_1_97' title='bbox 1101 1520 1324 1598; x_wconf 88' lang='grc' dir='ltr'>Τηλέγονον</span> <span class='ocrx_word' id='word_1_98' title='bbox 1349 1537 1392 1579; x_wconf 82' lang='lat' dir='ltr'><strong>nc</strong></span> 
     </span>
     <span class='ocr_line' id='line_1_12' title="bbox 271 1623 1391 1711; baseline -0.004 -20"><span class='ocrx_word' id='word_1_99' title='bbox 271 1652 354 1692; x_wconf 89' lang='lat' dir='ltr'><strong>men.</strong></span> <span class='ocrx_word' id='word_1_100' title='bbox 401 1628 461 1693; x_wconf 83' lang='lat' dir='ltr'><strong>Sed</strong></span> <span class='ocrx_word' id='word_1_101' title='bbox 495 1652 561 1692; x_wconf 87' lang='lat'>11011</span> <span class='ocrx_word' id='word_1_102' title='bbox 593 1627 654 1692; x_wconf 88' lang='lat' dir='ltr'><strong>hoe</strong></span> <span class='ocrx_word' id='word_1_103' title='bbox 687 1629 804 1692; x_wconf 91' lang='lat' dir='ltr'><strong>solum:</strong></span> <span class='ocrx_word' id='word_1_104' title='bbox 835 1649 911 1692; x_wconf 91' lang='lat' dir='ltr'><strong>nam</strong></span> <span class='ocrx_word' id='word_1_105' title='bbox 943 1649 1003 1692; x_wconf 89' lang='lat' dir='ltr'>nee</span> <span class='ocrx_word' id='word_1_106' title='bbox 1036 1628 1120 1711; x_wconf 90' lang='lat' dir='ltr'><strong>apud</strong></span> <span class='ocrx_word' id='word_1_107' title='bbox 1148 1626 1328 1710; x_wconf 78' lang='lat' dir='ltr'><strong>Dionysium</strong></span> <span class='ocrx_word' id='word_1_108' title='bbox 1356 1623 1391 1687; x_wconf 93' lang='lat' dir='ltr'><strong>illi</strong></span> 
     </span>
     <span class='ocr_line' id='line_1_13' title="bbox 271 1737 1391 1822; baseline -0.004 -20"><span class='ocrx_word' id='word_1_109' title='bbox 271 1738 394 1802; x_wconf 88' lang='lat' dir='ltr'><strong>nemini</strong></span> <span class='ocrx_word' id='word_1_110' title='bbox 418 1738 601 1802; x_wconf 85' lang='lat' dir='ltr'><strong>continuari</strong></span> <span class='ocrx_word' id='word_1_111' title='bbox 623 1741 796 1822; x_wconf 79' lang='lat' dir='ltr'><strong>potnerunt</strong></span> <span class='ocrx_word' id='word_1_112' title='bbox 810 1760 891 1822; x_wconf 86' lang='lat' dir='ltr'><strong>quae</strong></span> <span class='ocrx_word' id='word_1_113' title='bbox 907 1741 1082 1822; x_wconf 88' lang='lat' dir='ltr'><strong>sequuntur</strong></span> <span class='ocrx_word' id='word_1_114' title='bbox 1098 1738 1274 1804; x_wconf 90' lang='grc' dir='ltr'>οίκίςαντας</span> <span class='ocrx_word' id='word_1_115' title='bbox 1288 1738 1320 1802; x_wconf 79' lang='grc' dir='ltr'>δὲ</span> <span class='ocrx_word' id='word_1_116' title='bbox 1332 1737 1391 1810; x_wconf 86' lang='grc' dir='ltr'>κτλ,</span> 
     </span>
     <span class='ocr_line' id='line_1_14' title="bbox 271 1843 1391 1933; baseline -0.003 -21"><span class='ocrx_word' id='word_1_117' title='bbox 271 1870 331 1912; x_wconf 86' lang='lat' dir='ltr'>nee</span> <span class='ocrx_word' id='word_1_118' title='bbox 354 1847 520 1932; x_wconf 80' lang='lat' dir='ltr'><strong>Syneellus</strong></span> <span class='ocrx_word' id='word_1_119' title='bbox 543 1851 668 1933; x_wconf 87' lang='lat' dir='ltr'><strong>partem</strong></span> <span class='ocrx_word' id='word_1_120' title='bbox 692 1851 777 1912; x_wconf 86' lang='lat' dir='ltr'><strong>certe</strong></span> <span class='ocrx_word' id='word_1_121' title='bbox 800 1871 905 1913; x_wconf 76' lang='lat' dir='ltr'><strong>ecum]</strong></span> <span class='ocrx_word' id='word_1_122' title='bbox 916 1899 924 1932; x_wconf 87' lang='lat'><strong>,</strong></span> <span class='ocrx_word' id='word_1_123' title='bbox 949 1848 1062 1932; x_wconf 88' lang='lat' dir='ltr'><strong>quibus</strong></span> <span class='ocrx_word' id='word_1_124' title='bbox 1080 1848 1204 1912; x_wconf 83' lang='lat' dir='ltr'><strong>auctior</strong></span> <span class='ocrx_word' id='word_1_125' title='bbox 1227 1849 1275 1910; x_wconf 90' lang='lat' dir='ltr'>cst</span> <span class='ocrx_word' id='word_1_126' title='bbox 1294 1843 1391 1909; x_wconf 86' lang='lat' dir='ltr'><strong>nestris</strong></span> 
     </span>
     <span class='ocr_line' id='line_1_15' title="bbox 224 1953 1390 2042; baseline 0 -26"><span class='ocrx_word' id='word_1_127' title='bbox 224 1969 254 2017; x_wconf 80' lang='grc' dir='ltr'>ιν</span> <span class='ocrx_word' id='word_1_128' title='bbox 273 1958 506 2042; x_wconf 81' lang='lat' dir='ltr'><strong>exemplaribus</strong></span> <span class='ocrx_word' id='word_1_129' title='bbox 523 1959 685 2042; x_wconf 85' lang='lat' dir='ltr'><strong>Dionysii,</strong></span> <span class='ocrx_word' id='word_1_130' title='bbox 711 1959 838 2023; x_wconf 77' lang='lat' dir='ltr'><strong>aliunde</strong></span> <span class='ocrx_word' id='word_1_131' title='bbox 860 1959 922 2023; x_wconf 87' lang='lat' dir='ltr'><strong>nisi</strong></span> <span class='ocrx_word' id='word_1_132' title='bbox 946 1981 984 2023; x_wconf 84' lang='lat' dir='ltr'><strong>ex</strong></span> <span class='ocrx_word' id='word_1_133' title='bbox 1006 1961 1066 2022; x_wconf 88' lang='lat' dir='ltr'>hcc</span> <span class='ocrx_word' id='word_1_134' title='bbox 1089 1958 1159 2042; x_wconf 90' lang='lat' dir='ltr'><strong>ipso</strong></span> <span class='ocrx_word' id='word_1_135' title='bbox 1174 1960 1281 2042; x_wconf 87' lang='lat' dir='ltr'><strong>petere</strong></span> <span class='ocrx_word' id='word_1_136' title='bbox 1296 1953 1390 2040; x_wconf 86' lang='lat' dir='ltr'><strong>potuit.</strong></span> 
     </span>
     <span class='ocr_line' id='line_1_16' title="bbox 272 2067 1391 2153; baseline -0.004 -21"><span class='ocrx_word' id='word_1_137' title='bbox 272 2067 369 2132; x_wconf 89' lang='lat' dir='ltr'><strong>Velut</strong></span> <span class='ocrx_word' id='word_1_138' title='bbox 390 2068 472 2132; x_wconf 93' lang='lat' dir='ltr'><strong>nihil</strong></span> <span class='ocrx_word' id='word_1_139' title='bbox 494 2073 571 2152; x_wconf 83' lang='lat' dir='ltr'><strong>pute</strong></span> <span class='ocrx_word' id='word_1_140' title='bbox 594 2069 635 2132; x_wconf 84' lang='lat' dir='ltr'>ad</span> <span class='ocrx_word' id='word_1_141' title='bbox 649 2069 870 2153; x_wconf 80' lang='lat' dir='ltr'><strong>integritatem</strong></span> <span class='ocrx_word' id='word_1_142' title='bbox 892 2069 1099 2152; x_wconf 79' lang='lat' dir='ltr'><strong>desiderabis,</strong></span> <span class='ocrx_word' id='word_1_143' title='bbox 1122 2068 1149 2132; x_wconf 92' lang='lat' dir='ltr'>si</span> <span class='ocrx_word' id='word_1_144' title='bbox 1172 2067 1213 2132; x_wconf 90' lang='lat' dir='ltr'>ad</span> <span class='ocrx_word' id='word_1_145' title='bbox 1234 2067 1293 2132; x_wconf 89' lang='lat' dir='ltr'>hoc</span> <span class='ocrx_word' id='word_1_146' title='bbox 1307 2085 1391 2130; x_wconf 83' lang='lat' dir='ltr'><strong>exem·</strong></span> 
     </span>
     <span class='ocr_line' id='line_1_17' title="bbox 271 2175 1393 2262; baseline -0.004 -21"><span class='ocrx_word' id='word_1_147' title='bbox 271 2180 360 2262; x_wconf 91' lang='lat' dir='ltr'><strong>plum</strong></span> <span class='ocrx_word' id='word_1_148' title='bbox 382 2179 546 2262; x_wconf 80' lang='lat' dir='ltr'><strong>scripsisse</strong></span> <span class='ocrx_word' id='word_1_149' title='bbox 568 2179 758 2262; x_wconf 84' lang='lat' dir='ltr'><strong>Dionysium</strong></span> <span class='ocrx_word' id='word_1_150' title='bbox 780 2179 929 2244; x_wconf 83' lang='lat' dir='ltr'><strong>dixerim:</strong></span> <span class='ocrx_word' id='word_1_151' title='bbox 953 2183 1190 2261; x_wconf 66' lang='lat' dir='ltr'><strong>subcrescit,</strong></span> <span class='ocrx_word' id='word_1_152' title='bbox 1219 2180 1336 2257; x_wconf 89' lang='grc' dir='ltr'>Ῥῶμον</span> <span class='ocrx_word' id='word_1_153' title='bbox 1354 2175 1393 2238; x_wconf 83' lang='grc' dir='ltr'>καὶ</span> 
     </span>
     <span class='ocr_line' id='line_1_18' title="bbox 271 2287 1393 2376; baseline -0.003 -22"><span class='ocrx_word' id='word_1_154' title='bbox 271 2290 438 2370; x_wconf 85' lang='grc' dir='ltr'>Ῥωμύλον</span> <span class='ocrx_word' id='word_1_155' title='bbox 461 2290 511 2354; x_wconf 90' lang='grc' dir='ltr'>καί</span> <span class='ocrx_word' id='word_1_156' title='bbox 535 2287 792 2376; x_wconf 83' lang='grc' dir='ltr'>[Τηλέγονον.</span> <span class='ocrx_word' id='word_1_157' title='bbox 836 2292 898 2355; x_wconf 86' lang='grc' dir='ltr'>καλ</span> <span class='ocrx_word' id='word_1_158' title='bbox 919 2295 1063 2356; x_wconf 85' lang='grc' dir='ltr'>τοῦτον</span> <span class='ocrx_word' id='word_1_159' title='bbox 1085 2293 1154 2370; x_wconf 84' lang='grc' dir='ltr'>μὲν</span> <span class='ocrx_word' id='word_1_160' title='bbox 1178 2289 1393 2368; x_wconf 84' lang='grc' dir='ltr'>μεταναςιῆ·</span> 
     </span>
     <span class='ocr_line' id='line_1_19' title="bbox 273 2399 1393 2488; baseline -0.006 -23"><span class='ocrx_word' id='word_1_161' title='bbox 273 2422 352 2478; x_wconf 87' lang='grc' dir='ltr'>ναι,</span> <span class='ocrx_word' id='word_1_162' title='bbox 385 2401 532 2480; x_wconf 90' lang='grc' dir='ltr'>Ῥῶμον</span> <span class='ocrx_word' id='word_1_163' title='bbox 565 2402 607 2465; x_wconf 80' lang='grc' dir='ltr'>δὲ</span> <span class='ocrx_word' id='word_1_164' title='bbox 639 2401 700 2464; x_wconf 90' lang='grc' dir='ltr'>καὶ</span> <span class='ocrx_word' id='word_1_165' title='bbox 732 2401 931 2479; x_wconf 89' lang='grc' dir='ltr'>Ῥωμύλον</span> <span class='ocrx_word' id='word_1_166' title='bbox 963 2399 1210 2488; x_wconf 85' lang='grc' dir='ltr'>ὑπομεῖναι,]</span> <span class='ocrx_word' id='word_1_167' title='bbox 1241 2399 1393 2465; x_wconf 85' lang='grc' dir='ltr'>οἰκίςαντιις</span> 
     </span>
     <span class='ocr_line' id='line_1_20' title="bbox 272 2513 463 2593; baseline -0.016 -18"><span class='ocrx_word' id='word_1_168' title='bbox 272 2513 308 2575; x_wconf 83' lang='grc' dir='ltr'>δέ</span> <span class='ocrx_word' id='word_1_169' title='bbox 331 2532 358 2573; x_wconf 85' lang='lat' dir='ltr'><strong>e.</strong></span> <span class='ocrx_word' id='word_1_170' title='bbox 382 2533 412 2593; x_wconf 90' lang='lat' dir='ltr'>q.</span> <span class='ocrx_word' id='word_1_171' title='bbox 438 2532 463 2573; x_wconf 89' lang='lat' dir='ltr'>s.</span> 
     </span>
    </p>

    <p class='ocr_par' dir='ltr' id='par_1_4' title="bbox 799 2595 891 2674">
     <span class='ocr_line' id='line_1_21' title="bbox 799 2595 891 2674; baseline 0.011 -17"><span class='ocrx_word' id='word_1_172' title='bbox 799 2599 819 2674; x_wconf 60' lang='grc' dir='ltr'><em>ᾖ</em></span> <span class='ocrx_word' id='word_1_173' title='bbox 845 2595 891 2658; x_wconf 89' lang='grc'>10.</span> 
     </span>
    </p>

    <p class='ocr_par' dir='ltr' id='par_1_5' title="bbox 273 2725 1470 4466">
     <span class='ocr_line' id='line_1_22' title="bbox 358 2725 1394 2814; baseline -0.004 -23"><span class='ocrx_word' id='word_1_174' title='bbox 358 2727 460 2804; x_wconf 84' lang='lat' dir='ltr'><strong>Quam</strong></span> <span class='ocrx_word' id='word_1_175' title='bbox 482 2729 516 2791; x_wconf 88' lang='lat' dir='ltr'><strong>in</strong></span> <span class='ocrx_word' id='word_1_176' title='bbox 539 2728 668 2792; x_wconf 88' lang='lat' dir='ltr'><strong>maioris</strong></span> <span class='ocrx_word' id='word_1_177' title='bbox 692 2730 829 2793; x_wconf 77' lang='lat' dir='ltr'><strong>ambitus</strong></span> <span class='ocrx_word' id='word_1_178' title='bbox 858 2730 981 2794; x_wconf 83' lang='lat' dir='ltr'><strong>lacunis</strong></span> <span class='ocrx_word' id='word_1_179' title='bbox 1011 2732 1098 2794; x_wconf 85' lang='lat' dir='ltr'><strong>certe</strong></span> <span class='ocrx_word' id='word_1_180' title='bbox 1127 2729 1330 2814; x_wconf 85' lang='lat' dir='ltr'><strong>cognovimus</strong></span> <span class='ocrx_word' id='word_1_181' title='bbox 1348 2725 1394 2788; x_wconf 79' lang='lat' dir='ltr'>Vr-</span> 
     </span>
     <span class='ocr_line' id='line_1_23' title="bbox 273 2837 1395 2924; baseline -0.004 -21"><span class='ocrx_word' id='word_1_182' title='bbox 273 2839 393 2903; x_wconf 84' lang='lat' dir='ltr'><strong>binatis</strong></span> <span class='ocrx_word' id='word_1_183' title='bbox 415 2839 489 2902; x_wconf 86' lang='lat' dir='ltr'><strong>libri</strong></span> <span class='ocrx_word' id='word_1_184' title='bbox 512 2839 623 2923; x_wconf 90' lang='lat' dir='ltr'><strong>fidem,</strong></span> <span class='ocrx_word' id='word_1_185' title='bbox 653 2862 724 2903; x_wconf 84' lang='lat' dir='ltr'><strong>eam</strong></span> <span class='ocrx_word' id='word_1_186' title='bbox 746 2840 810 2903; x_wconf 86' lang='lat' dir='ltr'>iam</span> <span class='ocrx_word' id='word_1_187' title='bbox 832 2840 900 2903; x_wconf 90' lang='lat' dir='ltr'><strong>iure</strong></span> <span class='ocrx_word' id='word_1_188' title='bbox 922 2844 1032 2904; x_wconf 84' lang='lat' dir='ltr'><strong>nostro</strong></span> <span class='ocrx_word' id='word_1_189' title='bbox 1061 2839 1101 2903; x_wconf 88' lang='lat' dir='ltr'>ad</span> <span class='ocrx_word' id='word_1_190' title='bbox 1124 2840 1249 2923; x_wconf 82' lang='lat' dir='ltr'><strong>elapsas</strong></span> <span class='ocrx_word' id='word_1_191' title='bbox 1271 2837 1395 2924; x_wconf 82' lang='lat' dir='ltr'><strong>singulas</strong></span> 
     </span>
     <span class='ocr_line' id='line_1_24' title="bbox 274 2946 1394 3033; baseline -0.004 -21"><span class='ocrx_word' id='word_1_192' title='bbox 274 2951 401 3013; x_wconf 86' lang='lat' dir='ltr'><strong>voculas</strong></span> <span class='ocrx_word' id='word_1_193' title='bbox 431 2949 678 3032; x_wconf 84' lang='lat' dir='ltr'><strong>transferemus,</strong></span> <span class='ocrx_word' id='word_1_194' title='bbox 709 2950 747 3013; x_wconf 91' lang='lat' dir='ltr'><strong>de</strong></span> <span class='ocrx_word' id='word_1_195' title='bbox 781 2950 893 3033; x_wconf 92' lang='lat' dir='ltr'><strong>quibus</strong></span> <span class='ocrx_word' id='word_1_196' title='bbox 927 2951 996 3014; x_wconf 88' lang='lat' dir='ltr'><strong>sinc</strong></span> <span class='ocrx_word' id='word_1_197' title='bbox 1027 2950 1083 3013; x_wconf 88' lang='lat' dir='ltr'><strong>illo</strong></span> <span class='ocrx_word' id='word_1_198' title='bbox 1105 2953 1270 3033; x_wconf 82' lang='lat' dir='ltr'><strong>tamquam</strong></span> <span class='ocrx_word' id='word_1_199' title='bbox 1301 2946 1394 3012; x_wconf 82' lang='lat' dir='ltr'><strong>funda·</strong></span> 
     </span>
     <span class='ocr_line' id='line_1_25' title="bbox 275 3057 1394 3143; baseline -0.003 -21"><span class='ocrx_word' id='word_1_200' title='bbox 275 3063 384 3122; x_wconf 85' lang='lat' dir='ltr'><strong>mente</strong></span> <span class='ocrx_word' id='word_1_201' title='bbox 407 3081 525 3142; x_wconf 84' lang='lat' dir='ltr'><strong>anceps</strong></span> <span class='ocrx_word' id='word_1_202' title='bbox 549 3081 617 3124; x_wconf 86' lang='lat' dir='ltr'><strong>esse</strong></span> <span class='ocrx_word' id='word_1_203' title='bbox 639 3059 790 3124; x_wconf 80' lang='lat' dir='ltr'><strong>iudicium</strong></span> <span class='ocrx_word' id='word_1_204' title='bbox 813 3061 923 3143; x_wconf 87' lang='lat' dir='ltr'><strong>pessit.</strong></span> <span class='ocrx_word' id='word_1_205' title='bbox 969 3060 1075 3123; x_wconf 85' lang='lat' dir='ltr'><strong>Tanta</strong></span> <span class='ocrx_word' id='word_1_206' title='bbox 1097 3063 1147 3124; x_wconf 86' lang='lat' dir='ltr'>est</span> <span class='ocrx_word' id='word_1_207' title='bbox 1169 3062 1276 3123; x_wconf 85' lang='lat' dir='ltr'><strong>autern</strong></span> <span class='ocrx_word' id='word_1_208' title='bbox 1299 3060 1331 3122; x_wconf 89' lang='lat' dir='ltr'><strong>in</strong></span> <span class='ocrx_word' id='word_1_209' title='bbox 1349 3057 1394 3120; x_wconf 81' lang='lat' dir='ltr'>hoc</span> 
     </span>
     <span class='ocr_line' id='line_1_26' title="bbox 274 3164 1395 3255; baseline -0.005 -21"><span class='ocrx_word' id='word_1_210' title='bbox 274 3191 392 3255; x_wconf 81' lang='lat' dir='ltr'><strong>genere</strong></span> <span class='ocrx_word' id='word_1_211' title='bbox 415 3170 648 3252; x_wconf 85' lang='lat' dir='ltr'><strong>accessionum,</strong></span> <span class='ocrx_word' id='word_1_212' title='bbox 679 3192 760 3253; x_wconf 87' lang='lat' dir='ltr'><strong>quae</strong></span> <span class='ocrx_word' id='word_1_213' title='bbox 782 3171 832 3233; x_wconf 88' lang='lat' dir='ltr'><strong>vel</strong></span> <span class='ocrx_word' id='word_1_214' title='bbox 855 3171 914 3233; x_wconf 88' lang='lat' dir='ltr'><strong>seli</strong></span> <span class='ocrx_word' id='word_1_215' title='bbox 937 3175 966 3233; x_wconf 89' lang='lat' dir='ltr'><em>B</em></span> <span class='ocrx_word' id='word_1_216' title='bbox 986 3170 1036 3234; x_wconf 87' lang='lat' dir='ltr'><strong>vel</strong></span> <span class='ocrx_word' id='word_1_217' title='bbox 1065 3175 1119 3236; x_wconf 82' lang='lat' dir='ltr'>BC</span> <span class='ocrx_word' id='word_1_218' title='bbox 1139 3169 1296 3234; x_wconf 88' lang='lat' dir='ltr'><strong>debentur</strong></span> <span class='ocrx_word' id='word_1_219' title='bbox 1303 3219 1312 3251; x_wconf 97' lang='lat'><strong>,</strong></span> <span class='ocrx_word' id='word_1_220' title='bbox 1333 3164 1395 3230; x_wconf 89' lang='lat' dir='ltr'><strong>mul·</strong></span> 
     </span>
     <span class='ocr_line' id='line_1_27' title="bbox 273 3280 1393 3363; baseline -0.007 -20"><span class='ocrx_word' id='word_1_221' title='bbox 273 3281 393 3362; x_wconf 89' lang='lat' dir='ltr'><strong>titud0,</strong></span> <span class='ocrx_word' id='word_1_222' title='bbox 426 3283 462 3342; x_wconf 91' lang='lat' dir='ltr'>ut</span> <span class='ocrx_word' id='word_1_223' title='bbox 488 3283 619 3363; x_wconf 83' lang='lat' dir='ltr'><strong>propter·</strong></span> <span class='ocrx_word' id='word_1_224' title='bbox 648 3280 680 3342; x_wconf 91' lang='lat' dir='ltr'>id</span> <span class='ocrx_word' id='word_1_225' title='bbox 716 3280 818 3363; x_wconf 88' lang='lat' dir='ltr'><strong>ipsum</strong></span> <span class='ocrx_word' id='word_1_226' title='bbox 851 3280 886 3344; x_wconf 91' lang='lat' dir='ltr'><strong>in</strong></span> <span class='ocrx_word' id='word_1_227' title='bbox 920 3281 1030 3363; x_wconf 86' lang='lat' dir='ltr'><strong>paucis</strong></span> <span class='ocrx_word' id='word_1_228' title='bbox 1063 3280 1236 3344; x_wconf 83' lang='lat' dir='ltr'><strong>subsistere</strong></span> <span class='ocrx_word' id='word_1_229' title='bbox 1263 3280 1393 3363; x_wconf 81' lang='lat' dir='ltr'><strong>praestet.</strong></span> 
     </span>
     <span class='ocr_line' id='line_1_28' title="bbox 274 3389 1394 3474; baseline -0.001 -20"><span class='ocrx_word' id='word_1_230' title='bbox 274 3391 386 3474; x_wconf 88' lang='lat' dir='ltr'><strong>Itaque</strong></span> <span class='ocrx_word' id='word_1_231' title='bbox 409 3390 484 3453; x_wconf 89' lang='lat' dir='ltr'>dum</span> <span class='ocrx_word' id='word_1_232' title='bbox 505 3393 631 3473; x_wconf 87' lang='lat' dir='ltr'><strong>partem</strong></span> <span class='ocrx_word' id='word_1_233' title='bbox 659 3390 734 3454; x_wconf 93' lang='lat' dir='ltr'><strong>libri</strong></span> <span class='ocrx_word' id='word_1_234' title='bbox 755 3390 788 3453; x_wconf 90' lang='grc' dir='ltr'>Π</span> <span class='ocrx_word' id='word_1_235' title='bbox 811 3393 843 3453; x_wconf 90' lang='lat' dir='ltr'><strong>et</strong></span> <span class='ocrx_word' id='word_1_236' title='bbox 868 3390 985 3454; x_wconf 88' lang='lat' dir='ltr'><strong>librum</strong></span> <span class='ocrx_word' id='word_1_237' title='bbox 1006 3389 1055 3454; x_wconf 89' lang='grc' dir='ltr'>ΙΠ</span> <span class='ocrx_word' id='word_1_238' title='bbox 1083 3389 1198 3454; x_wconf 84' lang='lat' dir='ltr'><strong>leviter</strong></span> <span class='ocrx_word' id='word_1_239' title='bbox 1226 3389 1321 3454; x_wconf 82' lang='lat' dir='ltr'><strong>oeulis</strong></span> <span class='ocrx_word' id='word_1_240' title='bbox 1341 3405 1394 3469; x_wconf 77' lang='lat' dir='ltr'><strong>per·</strong></span> 
     </span>
     <span class='ocr_line' id='line_1_29' title="bbox 275 3495 1392 3584; baseline -0.007 -20"><span class='ocrx_word' id='word_1_241' title='bbox 275 3524 382 3584; x_wconf 88' lang='lat' dir='ltr'><strong>curre,</strong></span> <span class='ocrx_word' id='word_1_242' title='bbox 413 3504 541 3584; x_wconf 86' lang='lat' dir='ltr'><strong>praeter</strong></span> <span class='ocrx_word' id='word_1_243' title='bbox 572 3499 636 3563; x_wconf 84' lang='lat' dir='ltr'><strong>alia</strong></span> <span class='ocrx_word' id='word_1_244' title='bbox 664 3500 801 3583; x_wconf 87' lang='lat' dir='ltr'><strong>plurima</strong></span> <span class='ocrx_word' id='word_1_245' title='bbox 828 3500 863 3563; x_wconf 92' lang='lat' dir='ltr'><strong>in</strong></span> <span class='ocrx_word' id='word_1_246' title='bbox 885 3501 965 3564; x_wconf 86' lang='lat' dir='ltr'><strong>haec</strong></span> <span class='ocrx_word' id='word_1_247' title='bbox 986 3499 1094 3565; x_wconf 88' lang='lat' dir='ltr'><strong>incido</strong></span> <span class='ocrx_word' id='word_1_248' title='bbox 1117 3499 1264 3564; x_wconf 84' lang='lat' dir='ltr'><strong>breviora</strong></span> <span class='ocrx_word' id='word_1_249' title='bbox 1290 3495 1392 3580; x_wconf 83' lang='lat' dir='ltr'><strong>supple</strong></span> 
     </span>
     <span class='ocr_line' id='line_1_30' title="bbox 273 3603 1393 3694; baseline -0.004 -20"><span class='ocrx_word' id='word_1_250' title='bbox 273 3615 393 3674; x_wconf 87' lang='lat' dir='ltr'><strong>menta.</strong></span> <span class='ocrx_word' id='word_1_251' title='bbox 431 3611 479 3692; x_wconf 90' lang='lat' dir='ltr'>ll,</span> <span class='ocrx_word' id='word_1_252' title='bbox 501 3611 542 3674; x_wconf 84' lang='lat'>26</span> <span class='ocrx_word' id='word_1_253' title='bbox 564 3611 691 3675; x_wconf 87' lang='grc' dir='ltr'>ἅπαντα</span> <span class='ocrx_word' id='word_1_254' title='bbox 705 3612 901 3692; x_wconf 87' lang='grc' dir='ltr'>πράττοντές</span> <span class='ocrx_word' id='word_1_255' title='bbox 924 3612 981 3694; x_wconf 94' lang='grc' dir='ltr'>[τε</span> <span class='ocrx_word' id='word_1_256' title='bbox 1004 3612 1065 3675; x_wconf 92' lang='grc' dir='ltr'>καί</span> <span class='ocrx_word' id='word_1_257' title='bbox 1087 3611 1304 3692; x_wconf 80' lang='grc' dir='ltr'>λέγοντες]</span> <span class='ocrx_word' id='word_1_258' title='bbox 1326 3603 1393 3670; x_wconf 68' lang='lat' dir='ltr'>adil</span> 
     </span>
     <span class='ocr_line' id='line_1_31' title="bbox 274 3713 1391 3805; baseline -0.004 -20"><span class='ocrx_word' id='word_1_259' title='bbox 274 3721 414 3800; x_wconf 88' lang='grc' dir='ltr'>ἀλκίμων</span> <span class='ocrx_word' id='word_1_260' title='bbox 438 3721 578 3805; x_wconf 90' lang='grc' dir='ltr'>[λίαν,]</span> <span class='ocrx_word' id='word_1_261' title='bbox 608 3720 671 3799; x_wconf 85' lang='grc' dir='ltr'>ῶν,</span> <span class='ocrx_word' id='word_1_262' title='bbox 699 3721 740 3785; x_wconf 88' lang='grc'>35</span> <span class='ocrx_word' id='word_1_263' title='bbox 761 3724 869 3797; x_wconf 86' lang='grc' dir='ltr'>γονεῖς</span> <span class='ocrx_word' id='word_1_264' title='bbox 897 3743 930 3786; x_wconf 90' lang='grc' dir='ltr'>τε</span> <span class='ocrx_word' id='word_1_265' title='bbox 954 3721 1099 3804; x_wconf 85' lang='grc' dir='ltr'>[ὑμῶν]</span> <span class='ocrx_word' id='word_1_266' title='bbox 1123 3721 1296 3800; x_wconf 81' lang='grc' dir='ltr'>έςώθηςαν,</span> <span class='ocrx_word' id='word_1_267' title='bbox 1316 3713 1391 3779; x_wconf 79' lang='grc' dir='ltr'>43ίκ</span> 
     </span>
     <span class='ocr_line' id='line_1_32' title="bbox 274 3823 1390 3915; baseline -0.006 -20"><span class='ocrx_word' id='word_1_268' title='bbox 274 3836 332 3895; x_wconf 86' lang='grc' dir='ltr'>τοῦ</span> <span class='ocrx_word' id='word_1_269' title='bbox 361 3830 604 3910; x_wconf 83' lang='grc' dir='ltr'>ἀπροςδοκίητου</span> <span class='ocrx_word' id='word_1_270' title='bbox 633 3830 850 3915; x_wconf 89' lang='grc' dir='ltr'>[φανέντα]</span> <span class='ocrx_word' id='word_1_271' title='bbox 880 3831 985 3906; x_wconf 79' lang='grc' dir='ltr'>εἶδον,</span> <span class='ocrx_word' id='word_1_272' title='bbox 1018 3830 1060 3895; x_wconf 82' lang='grc'>45</span> <span class='ocrx_word' id='word_1_273' title='bbox 1093 3829 1295 3910; x_wconf 83' lang='grc' dir='ltr'>ἀμφοτέρους</span> <span class='ocrx_word' id='word_1_274' title='bbox 1325 3823 1390 3909; x_wconf 76' lang='grc' dir='ltr'>[ού</span> 
     </span>
     <span class='ocr_line' id='line_1_33' title="bbox 274 3935 1389 4026; baseline -0.006 -20"><span class='ocrx_word' id='word_1_275' title='bbox 274 3942 354 4024; x_wconf 88' lang='grc' dir='ltr'>ταί]</span> <span class='ocrx_word' id='word_1_276' title='bbox 378 3942 502 4018; x_wconf 86' lang='grc' dir='ltr'>λόγων,</span> <span class='ocrx_word' id='word_1_277' title='bbox 532 3941 572 4004; x_wconf 85' lang='grc'>46</span> <span class='ocrx_word' id='word_1_278' title='bbox 600 3945 667 4007; x_wconf 90' lang='grc' dir='ltr'>τῶν</span> <span class='ocrx_word' id='word_1_279' title='bbox 691 3942 872 4021; x_wconf 84' lang='grc' dir='ltr'>ἐπιχωρίων</span> <span class='ocrx_word' id='word_1_280' title='bbox 902 3941 1022 4026; x_wconf 86' lang='grc' dir='ltr'>ἀριθμῷ</span> <span class='ocrx_word' id='word_1_281' title='bbox 1050 3939 1110 4004; x_wconf 86' lang='grc' dir='ltr'>οὐκ</span> <span class='ocrx_word' id='word_1_282' title='bbox 1136 3940 1286 4005; x_wconf 86' lang='grc' dir='ltr'>ἐλάττους</span> <span class='ocrx_word' id='word_1_283' title='bbox 1306 3935 1389 4020; x_wconf 69' lang='lat' dir='ltr'><strong>[dsu-</strong></span> 
     </span>
     <span class='ocr_line' id='line_1_34' title="bbox 274 4041 1389 4134; baseline -0.002 -18"><span class='ocrx_word' id='word_1_284' title='bbox 274 4052 378 4134; x_wconf 86' lang='grc' dir='ltr'>τόν],</span> <span class='ocrx_word' id='word_1_285' title='bbox 408 4051 450 4114; x_wconf 89' lang='grc'>49</span> <span class='ocrx_word' id='word_1_286' title='bbox 477 4052 584 4114; x_wconf 89' lang='grc' dir='ltr'>πολλὰ</span> <span class='ocrx_word' id='word_1_287' title='bbox 611 4055 678 4116; x_wconf 90' lang='grc' dir='ltr'>τῶν</span> <span class='ocrx_word' id='word_1_288' title='bbox 705 4052 848 4130; x_wconf 90' lang='grc' dir='ltr'>νομίμων</span> <span class='ocrx_word' id='word_1_289' title='bbox 882 4049 965 4116; x_wconf 88' lang='grc' dir='ltr'>εῖναι</span> <span class='ocrx_word' id='word_1_290' title='bbox 993 4048 1209 4133; x_wconf 84' lang='grc' dir='ltr'>[(αβίνων]</span> <span class='ocrx_word' id='word_1_291' title='bbox 1241 4041 1389 4114; x_wconf 64' lang='grc' dir='ltr'>Λακωνικά</span> 
     </span>
     <span class='ocr_line' id='line_1_35' title="bbox 276 4154 1389 4245; baseline -0.005 -21"><span class='ocrx_word' id='word_1_292' title='bbox 276 4162 316 4224; x_wconf 73' lang='lat' dir='ltr'>ul</span> <span class='ocrx_word' id='word_1_293' title='bbox 352 4162 451 4226; x_wconf 90' lang='grc' dir='ltr'>τίνων</span> <span class='ocrx_word' id='word_1_294' title='bbox 488 4162 551 4225; x_wconf 86' lang='grc' dir='ltr'>ἐςτί</span> <span class='ocrx_word' id='word_1_295' title='bbox 588 4162 830 4245; x_wconf 89' lang='grc' dir='ltr'>[μηνύματα]</span> <span class='ocrx_word' id='word_1_296' title='bbox 867 4161 1080 4240; x_wconf 87' lang='grc' dir='ltr'>πραγμάτων,</span> <span class='ocrx_word' id='word_1_297' title='bbox 1117 4160 1159 4223; x_wconf 85' lang='grc'>65</span> <span class='ocrx_word' id='word_1_298' title='bbox 1192 4162 1271 4239; x_wconf 81' lang='grc' dir='ltr'>παρ’</span> <span class='ocrx_word' id='word_1_299' title='bbox 1302 4154 1389 4221; x_wconf 70' lang='lat' dir='ltr'><strong>unct</strong></span> 
     </span>
     <span class='ocr_line' id='line_1_36' title="bbox 276 4265 1387 4355; baseline -0.008 -21"><span class='ocrx_word' id='word_1_300' title='bbox 276 4271 456 4353; x_wconf 86' lang='grc' dir='ltr'>[Ἑετίαε]</span> <span class='ocrx_word' id='word_1_301' title='bbox 480 4272 561 4336; x_wconf 89' lang='grc' dir='ltr'>έςτῖν</span> <span class='ocrx_word' id='word_1_302' title='bbox 584 4271 668 4351; x_wconf 85' lang='grc' dir='ltr'>ἱερά,</span> <span class='ocrx_word' id='word_1_303' title='bbox 692 4271 732 4334; x_wconf 81' lang='grc'>76</span> <span class='ocrx_word' id='word_1_304' title='bbox 755 4279 799 4355; x_wconf 82' lang='grc' dir='ltr'>τῷ</span> <span class='ocrx_word' id='word_1_305' title='bbox 823 4273 858 4335; x_wconf 81' lang='grc' dir='ltr'>δέ</span> <span class='ocrx_word' id='word_1_306' title='bbox 874 4271 1020 4354; x_wconf 82' lang='grc' dir='ltr'>[Νομᾷ]</span> <span class='ocrx_word' id='word_1_307' title='bbox 1044 4273 1174 4350; x_wconf 90' lang='grc' dir='ltr'>περιῆν,</span> <span class='ocrx_word' id='word_1_308' title='bbox 1197 4269 1255 4351; x_wconf 91' lang='lat' dir='ltr'><strong>III,</strong></span> <span class='ocrx_word' id='word_1_309' title='bbox 1277 4267 1295 4331; x_wconf 90' lang='lat'>8</span> <span class='ocrx_word' id='word_1_310' title='bbox 1315 4265 1387 4328; x_wconf 79' lang='grc' dir='ltr'>νίκαν</span> 
     </span>
     <span class='ocr_line' id='line_1_37' title="bbox 277 4369 1387 4466; baseline -0.007 -22"><span class='ocrx_word' id='word_1_311' title='bbox 277 4381 394 4456; x_wconf 86' lang='grc' dir='ltr'>ςθέντι,</span> <span class='ocrx_word' id='word_1_312' title='bbox 417 4380 597 4463; x_wconf 88' lang='grc' dir='ltr'>[μικρὸν]</span> <span class='ocrx_word' id='word_1_313' title='bbox 621 4382 775 4461; x_wconf 83' lang='grc' dir='ltr'>ἐπιςχών,</span> <span class='ocrx_word' id='word_1_314' title='bbox 804 4381 823 4444; x_wconf 88' lang='grc'><strong>9</strong></span> <span class='ocrx_word' id='word_1_315' title='bbox 851 4381 966 4446; x_wconf 89' lang='grc' dir='ltr'>πόνων</span> <span class='ocrx_word' id='word_1_316' title='bbox 995 4378 1195 4466; x_wconf 85' lang='grc' dir='ltr'>[πολλῶν]</span> <span class='ocrx_word' id='word_1_317' title='bbox 1225 4369 1387 4442; x_wconf 69' lang='lat' dir='ltr'><strong>euseb</strong></span> 
     </span>
    </p>

    <p class='ocr_par' dir='ltr' id='par_1_6' title="bbox 1469 4487 1470 4664">
     <span class='ocr_line' id='line_1_38' title="bbox 1469 4487 1470 4536; baseline 0 0"><span class='ocrx_word' id='word_1_318' title='bbox 1469 4487 1470 4536; x_wconf 88' lang='lat' dir='ltr'><strong>l</strong></span> 
     </span>
     <span class='ocr_line' id='line_1_39' title="bbox 1469 4547 1470 4598; baseline 0 0"><span class='ocrx_word' id='word_1_319' title='bbox 1469 4547 1470 4598; x_wconf 88' lang='lat' dir='ltr'><strong>l</strong></span> 
     </span>
     <span class='ocr_line' id='line_1_40' title="bbox 1469 4627 1470 4664; baseline 0 0"><span class='ocrx_word' id='word_1_320' title='bbox 1469 4627 1470 4664; x_wconf 89' lang='lat' dir='ltr'><strong>l</strong></span> 
     </span>
    </p>
   </div>
   <div class='ocr_carea' id='block_1_3' title="bbox 0 0 1489 5134">
    <p class='ocr_par' dir='ltr' id='par_1_7' title="bbox 0 0 1489 5134">
     <span class='ocr_line' id='line_1_41' title="bbox 0 0 1489 5134; baseline 0 0"><span class='ocrx_word' id='word_1_321' title='bbox 0 0 1489 5134; x_wconf 95' lang='lat' dir='ltr'> </span> 
     </span>
    </p>
   </div>
  </div>
 </body>
</html>
