3050 5140
304 318 366 383 794
523 336 570 382 na
594 335 760 384 11111011
784 336 1233 387 0111111111111111111.

303 489 465 551 sententia
488 509 545 551 sua
568 491 682 572 sponte
704 493 794 573 patet
817 490 851 554 in
874 513 967 574 quam
983 494 1108 574 partem
1130 492 1247 556 valeat.
1270 492 1336 556 lam
1350 495 1423 557 enim

303 599 395 662 finita
424 601 472 662 est
500 599 561 663 olei
588 599 740 664 metiendi
769 621 882 683 opera,
907 623 944 664 ac
967 605 1097 685 propter
1124 602 1157 666 id
1185 603 1289 685 ipsum
1315 607 1346 666 et
1370 625 1424 667 me·

302 709 404 773 tiendi
427 712 599 793 apparatus
627 710 681 772 ille
710 712 742 772 01
764 732 802 773 ea
824 711 977 794 amphora
1009 734 1096 776 nune
1119 713 1227 795 abest,
1256 736 1333 797 quae
1357 736 1426 777 nou·

303 819 378 882 dum
400 819 583 883 demensum
613 820 716 883 oleum
739 820 887 884 tenebat:
916 843 1008 904 quem
1036 821 1076 884 ad
1105 822 1234 886 modum
1260 845 1301 887 ne
1327 824 1426 886 arbore

303 930 429 1012 quidem
451 930 586 1013 amplius
609 951 687 1012 opus
710 934 759 993 est
766 980 774 1011 ,
802 931 920 1014 quippe
947 953 1027 1014 quae
1054 932 1288 1016 significandae
1314 937 1426 997 tantum

302 1039 440 1103 olivitati
463 1040 587 1104 adiecta
609 1041 643 1103 in
666 1041 774 1104 antica
796 1045 888 1124 parte
911 1045 1002 1105 esset.
1049 1043 1153 1106 Alteri
1183 1047 1288 1106 autem
1310 1043 1426 1126 ampho

302 1171 357 1213 rae
379 1150 447 1233 ipse
470 1173 555 1214 nunc
578 1151 723 1214 dominus
747 1151 884 1234 adsidet,
914 1152 1005 1215 laeva
1033 1174 1130 1216 mann
1152 1158 1189 1216 ut
1210 1153 1332 1217 videtur
1353 1175 1427 1218 conr·

302 1264 420 1344 putans
443 1262 475 1322 et
496 1259 607 1344 digitis
630 1283 802 1325 numerans
825 1262 1039 1344 quantitatem
1062 1261 1204 1326 demensi
1227 1264 1305 1346 olei,
1327 1263 1427 1327 dextra

301 1370 432 1453 plenum
466 1392 520 1433 vas
546 1374 740 1434 monstrans.
786 1371 892 1434 Tanta
921 1374 1027 1434 autern
1055 1371 1116 1435 olei
1144 1373 1272 1436 ubertas
1294 1374 1366 1454 fuit,
1397 1379 1427 1436 ut

303 1480 369 1543 eius
398 1479 460 1543 vim
495 1502 550 1543 vas
584 1502 650 1544 non
678 1481 757 1544 satis
787 1485 928 1563 caperet,
965 1480 1059 1564 idque
1092 1481 1363 1564 1001111110101,
1398 1489 1427 1546 ut

302 1593 484 1672 optatarum
512 1611 631 1654 memor
653 1591 837 1654 divitiarum
866 1612 953 1654 nunc
976 1595 1055 1655 Ecce
1076 1592 1269 1674 respondeat
1295 1605 1428 1672 quantam

302 1711 356 1764 lea
378 1707 438 1764 iam
461 1709 647 1780 exspectatio
670 1723 729 1764 101
752 1707 889 1779 expleta,
913 1707 968 1764 sed
988 1707 1065 1765 adeo
1085 1713 1232 1780 superero
1253 1711 1301 1766 sr't.

386 1809 551 1873 Postremo
573 1811 609 1873 ut
627 1810 709 1873 nihil
731 1810 1020 1893 praetermittatur,
1043 1809 1127 1893 quod
1149 1810 1184 1874 in
1200 1815 1331 1895 utraque
1346 1817 1430 1895 parte

303 1920 475 2002 amphorae
498 1919 601 1983 adhuc
624 1923 782 1983 tractatae
809 1919 969 1982 familiare
990 1919 1172 1983 hominibus
1202 1921 1321 1985 animal
1349 1943 1429 2004 repe·
1478 1945 1485 1962 ·

302 2029 382 2091 titur
405 2029 503 2111 canis,
528 2051 565 2092 00
588 2030 654 2092 noli
676 2029 846 2112 quicquam
868 2029 1084 2113 significatum
1108 2030 1236 2093 credere
1257 2031 1351 2112 aliud,
1373 2031 1428 2093 nisi

302 2137 342 2200 ad
377 2138 461 2201 vitae
495 2138 636 2201 rationes
673 2139 864 2202 domesticae
901 2161 968 2202 rem
1004 2142 1278 2222 repraesentatam
1313 2163 1429 2204 omnem

236 2256 283 2304 rso
303 2251 458 2331 spectare.
504 2249 701 2332 Quamquam
730 2250 816 2313 enim
846 2272 913 2313 non
940 2249 1067 2332 ineptus
1095 2249 1148 2331 sit,
1183 2251 1236 2333 qui
1265 2251 1303 2314 de
1330 2251 1430 2314 oliveti

303 2357 431 2421 custode
455 2380 533 2421 cane
557 2360 693 2444 cogitet,
718 2362 828 2422 tamen
850 2357 1020 2442 aliquando
1043 2359 1224 2422 meminisse
1253 2359 1357 2442 decet,
1387 2383 1430 2423 ca-

301 2468 439 2531 vendum
462 2491 530 2531 esse
552 2490 593 2532 ne
615 2460 757 2533 nimium
773 2468 1016 2552 interpretando
1038 2468 1284 2554 hariolemur.*)

387 2577 454 2642 Ser.
479 2577 600 2642 Romae
622 2601 664 2641 m.
689 2578 782 2642 Febr.
806 2602 835 2643 a.
861 2577 1220 2646 oroleOOOXXXVII.

303 2754 502 2761 -——-.-.-—-

369 2850 393 2916 *)
413 2847 541 2902 Ceterum
560 2849 781 2916 gratificaturum
799 2867 843 2902 me
861 2849 1011 2902 lectoribus
1031 2848 1160 2914 arbitror,
1179 2847 1203 2901 si
1220 2849 1431 2904 admonitionem

301 2943 441 3008 quandam
465 2942 522 2995 eius
541 2941 592 2994 viri
610 2959 665 2994 1011
683 2943 823 3007 celavero,
846 2941 893 3008 qui
910 2940 1026 3010 perfecti
1044 2940 1157 2994 artificis
1179 2941 1290 2995 laudem
1311 2959 1375 2996 cum
1392 2942 1431 2994 ad·

301 3035 421 3088 mirabili
440 3035 615 3101 antiquitatis
633 3036 662 3087 ct
680 3034 834 3088 eruditione
853 3037 882 3088 et
899 3033 1092 3101 intellegentia
1113 3033 1201 3087 sociat
1219 3051 1281 3088 raro
1298 3052 1334 3087 ac
1352 3053 1432 3103 prop·

301 3127 436 3196 singulari
453 3129 592 3196 exemplo,
612 3129 649 3181 10,
667 3127 749 3180 Mart.
774 3127 936 3194 Wagneri
954 3126 1003 3193 Eq.
1039 3127 1066 3179 Is
1084 3125 1170 3194 igitur
1191 3126 1220 3179 in
1244 3145 1276 3181 eo
1298 3127 1432 3182 discedis

301 3222 446 3290 proposita
464 3220 648 3289 explicatione
666 3237 748 3288 posse
767 3219 855 3274 amice
873 3237 917 3273 nre
936 3220 1043 3284 monet,
1062 3220 1093 3271 nt
1111 3219 1139 3271 in
1157 3220 1250 3288 priore
1267 3220 1365 3275 tabula
1384 3239 1431 3274 101

302 3332 426 3368 seorsunr
445 3331 576 3382 expressa
594 3313 647 3367 olei
666 3311 799 3366 metiendi
817 3328 911 3380 opera,
929 3315 1074 3378 tamquam
1092 3329 1176 3378 quam
1194 3329 1363 3381 praegressa
1379 3315 1431 3382 ipsa

301 3407 436 3462 olivarum
453 3408 551 3460 messis
565 3407 609 3470 sit,
628 3406 766 3472 cogitetur
783 3404 868 3459 nimia
881 3405 1002 3472 quadam
1021 3404 1178 3471 severitate,
1196 3405 1246 3458 sed
1263 3406 1303 3459 ita
1323 3412 1432 3474 utraque

301 3519 345 3554 res
369 3501 516 3554 coniuncta
538 3501 580 3565 ut,
609 3499 655 3565 qui
682 3515 748 3551 sane
776 3497 883 3551 arboris
906 3496 991 3551 ramis
1013 3497 1154 3551 vasculum
1179 3515 1242 3550 cum
1263 3498 1432 3552 infundibulo

301 3611 413 3662 prorsus
431 3593 574 3657 admovet,
593 3610 627 3646 ex
646 3577 759 3660 ea'ipsa
777 3591 876 3644 arbore
895 3590 1022 3660 excipere
1041 3590 1115 3658 quod
1133 3590 1161 3643 in
1180 3592 1325 3645 vasculum
1342 3592 1432 3646 immil-

301 3689 352 3752 tat,
372 3686 553 3754 significetur:
573 3703 628 3738 non
642 3702 695 3751 quo
709 3684 745 3738 ad
758 3700 849 3738 rerum
862 3685 1008 3737 veritatem
1027 3683 1141 3752 propius
1160 3683 1218 3737 eius
1237 3683 1313 3738 modi
1333 3702 1432 3754 reprec-

301 3779 422 3833 sentatio
446 3779 572 3842 accedat,
601 3777 651 3832 sed
674 3778 748 3844 quod
770 3777 798 3830 in
820 3775 922 3830 veteris
945 3775 1013 3830 artis
1042 3777 1269 3832 consuetudinem
1293 3777 1431 3832 conveniat

301 3871 421 3926 velutin
440 3889 522 3925 uuam
542 3871 692 3936 actionem,
712 3888 782 3937 quac
801 3887 899 3937 reapse
917 3868 1055 3923 disiuncta
1074 3873 1150 3934 sunt,
1169 3872 1311 3934 coartare,
1337 3872 1391 3924 sire
1407 3875 1431 3920 ut

302 3982 363 4018 cunr
380 3964 495 4018 noviciis
512 3964 669 4018 hominibus
688 3963 799 4030 loquar,
823 3961 976 4030 symbolica
998 3962 1106 4017 ratione
1129 3962 1170 4016 uti
1193 3962 1431 4031 significandarum
1509 3965 1510 4002 1

301 4075 393 4111 101111
416 4057 646 4111 secundariarum.
683 4057 735 4124 [Dc
757 4055 818 4109 aliis
836 4054 1001 4122 quibusdam
1027 4056 1110 4110 rebus
1133 4055 1303 4110 secundariis
1327 4056 1388 4110 vide
1404 4057 1430 4106 u.

301 4150 489 4205 Hernrarunmr
507 4150 714 4204 dissentientem
731 4148 760 4202 in
779 4165 894 4202 censura
911 4167 931 4201 s.
950 4149 981 4216 s]
