2942 5134
587 1007 685 1116 Χ1.

87 1189 146 1330 Dc
177 1189 346 1306 Aeschyli
377 1189 411 1281 iu
442 1188 588 1306 Septen
621 1188 801 1282 adversus
828 1187 975 1282 Thebas
1005 1187 1172 1282 venitus

376 1338 606 1434 ess—2451
643 1338 848 1454 disputatio.
860 1339 901 1456 *1

147 1609 224 1673 Dies
238 1613 274 1672 ut
295 1609 380 1674 diem
394 1610 508 1674 doceat
515 1661 522 1691 ,
546 1629 629 1672 novo
651 1609 795 1692 exemplo
816 1608 960 1672 volumus
982 1629 1035 1672 eos
1049 1611 1199 1693 vestrum,
1220 1623 1251 1672 Ιιι

53 1719 126 1782 cari
153 1719 395 1802 commilitones,
421 1741 612 1804 cognoscere
635 1719 688 1802 qui
704 1718 821 1782 scholis
836 1717 1016 1802 Aeschyliis
1038 1717 1201 1802 perhanc

53 1829 199 1892 hiemem
226 1850 332 1892 coram
358 1829 448 1893 vobis
471 1829 589 1892 habitis
616 1828 842 1892 interfuerunt.
886 1827 936 1891 Ibi
964 1849 1045 1911 quae
1072 1827 1111 1891 de
1137 1828 1201 1892 illis

52 1937 205 2001 versibus
233 1940 432 2021 exposuimus
460 1940 514 2022 qui
542 1941 618 2002 sunt
644 1937 678 2002 in
701 1937 829 2021 Septem
858 1937 1008 2002 adversus
1034 1938 1201 2002 Thebasa

50 2047 121 2112 254
146 2047 186 2110 ad
209 2047 269 2112 261
301 2048 349 2112 ed.
373 2047 496 2130 Herm,
525 2071 562 2112 ea
585 2047 735 2132 quoniam
763 2047 909 2110 secundis
939 2047 1037 2130 curis,
1069 2069 1201 2130 querum

50 2157 153 2220 nobis
168 2157 269 2221 otium
291 2159 371 2222 haec
386 2157 641 2222 Setmneiiorum
662 2157 808 2221 hilaritas
824 2156 983 2220 Rhenena
1004 2157 1093 2238 feeit,
1116 2156 1201 2220 haud

52 2267 174 2330 leviter
196 2288 288 2349 posse
310 2267 472 2331 emendari
500 2267 731 2350 intelleximus,
760 2288 824 2330 non
847 2287 915 2330 esse
939 2265 1200 2330 committendum

51 2376 311 2440 existimavimus
327 2381 362 2440 ut
384 2378 459 2441 novi
474 2378 597 2441 inventi
613 2380 758 2459 expertes
775 2375 895 2440 essetis.
932 2375 977 2439 Vt
992 2378 1109 2458 nutem,
1126 2376 1198 2459 quid

49 2486 100 2549 rei
118 2488 248 2569 agetur,
273 2487 385 2550 ceteris
408 2508 530 2570 quoque
546 2485 680 2569 patefiat
694 2486 721 2550 si
737 2485 790 2569 qui
805 2485 840 2550 in
855 2485 914 2548 has
928 2485 1073 2569 pagellas
1093 2485 1200 2550 oeulos

51 2595 206 2659 conicere
228 2596 402 2679 voluerint,
432 2597 570 2680 primum
599 2595 727 2680 quidem
748 2594 889 2659 Eteoclis
911 2615 1089 2660 sermonem
1110 2596 1200 2660 iilmn

50 2726 92 2767 ex
118 2704 295 2769 Godofredi
316 2705 497 2770 Hermsnni
520 2704 680 2788 exemplo,
709 2727 770 2788 quo
798 2706 914 2769 iteret>
936 2727 955 2768 a
977 2705 1070 2768 nobis
1095 2706 1143 2769 uti
1165 2705 1198 2768 in

50 2814 302 2898 interpretando
326 2815 560 2899 consuevimus,
584 2815 813 2898 transcriptum
835 2815 921 2880 infre
943 2815 1115 2899 posuimus.

262 2951 327 3026 ἐγὼ
349 2953 385 3015 δὲ
407 2953 514 3031 χώρας
536 2955 603 3016 τοῖς
625 2951 847 3031 πολιςςούχοις
868 2954 964 3032 θεοῖς,

262 3061 467 3137 πεδιονόμοις
487 3083 521 3126 τε
543 3061 683 3140 κάγορᾶς
705 3061 905 3140 ἐπιςκόποις,
1149 3073 1199 3124 255

263 3169 382 3249 Δίρκης
404 3191 438 3234 τε
460 3174 576 3249 πηγαῖς
598 3171 688 3234 ὕδατί
709 3172 741 3234 τ’
766 3171 906 3250 Ἰςμηνοῦ
929 3171 1025 3248 λέγω,

262 3278 298 3342 εὖ
321 3279 545 3358 ξυντυχόντων
568 3281 618 3343 καὶ
641 3279 768 3344 πόλεως
792 3281 995 3360 ςεςωςμένης,

262 3389 403 3465 μήλοιςιν
425 3388 632 3467 αἱμάςςοντας
654 3388 755 3452 ἑςτίας
777 3393 872 3470 θεῶν,

261 3501 560 3576 ταυροκτονοῦντας
582 3501 715 3575 θεοῑςιν,
739 3497 802 3562 ὧδ’
822 3499 996 3579 ἐπεύχομαι

261 3607 365 3684 θήςςιν
387 3607 541 3687 τρόπαια,
564 3609 666 3672 δαΐων
689 3609 723 3672 δ’
745 3607 900 3686 ἐςθήματα
1148 3621 1198 3674 260

89 3797 94 3802 “
142 3790 168 3858 *)
204 3791 393 3859 [Prooemium
421 3791 521 3846 Indicis
556 3791 712 3846 scholarum
747 3790 916 3846 aestivarum
949 3791 1137 3849 Bonnensium
1170 3813 1196 3850 e.

51 3881 301 3938 cicioccctvn.
321 3915 353 3922 -
370 3883 433 3937 Non
456 3883 514 3940 sine
538 3883 659 3938 utilitate
677 3899 738 3938 eum
758 3885 861 3939 nostrie
879 3887 1055 3941 conferentur
1073 3905 1143 3956 quoe
1162 3887 1197 3941 de

49 3974 163 4028 eisdem
185 3975 311 4029 versibus
333 3993 422 4045 nuper
444 3975 587 4046 disputate
611 3978 675 4030 eunt
702 3977 796 4030 multis
818 3977 975 4031 nominibus
998 3979 1133 4046 disparia,
1161 3977 1195 4030 de

50 4067 158 4134 quibus
171 4065 233 4120 vide
246 4065 405 4122 Ottonem
417 4069 641 4123 Ribbeckium
659 4067 717 4122 sine
735 4069 777 4123 ire
794 4071 823 4124 et
841 4068 932 4123 studio
951 4070 1155 4124 existimantem
1166 4069 1199 4122 in

49 4157 230 4212 F'leckeiseui
251 4160 351 4214 rinnai.
376 4160 472 4229 philol.
496 4163 516 4214 t.
535 4167 568 4216 85
592 4165 627 4228 (a.
650 4165 724 4229 les-r)
747 4179 774 4230 p.
794 4167 843 4216 378
862 4177 922 4230 sqq.
960 4160 1082 4214 Senioris
1100 4159 1196 4214 iudicii

49 4251 183 4304 criticum
196 4251 227 4304 G.
241 4251 411 4306 Dindorfii
423 4251 561 4323 praefatio
574 4252 703 4308 editionis
717 4253 830 4322 quintae
843 4252 1054 4308 Teubnerieuue
1068 4255 1102 4320 (a.
1119 4255 1193 4324 1865)

46 4342 182 4418 prodidit
198 4361 225 4414 p.
244 4344 304 4398 LVI
323 4343 376 4412 eq]
