3052 5136
461 347 620 398 suueuia
644 347 814 394 carucae.
1147 325 1206 390 717

81 503 200 568 duorum
228 503 466 568 enuntiatorum
494 523 551 586 per
576 501 628 566 καί
655 498 848 584 particulam
871 495 1046 580 copulatio,
1076 517 1208 580 quorum

81 637 132 678 ncc
158 615 333 678 subiectum
360 612 605 698 grammaticum
631 631 734 694 neque
761 609 920 672 obiectum
950 627 1115 670 commune
1143 610 1207 669 est:

82 725 133 787 etsi
154 747 216 788 non
239 724 393 788 dissentio
415 723 450 786 iu
465 745 512 804 co,
536 721 619 806 quod
642 721 687 784 ita
709 719 810 784 multo
833 741 900 782 esse
916 717 1064 781 usitatius
1086 717 1126 782 δέ
1143 737 1207 778 cre-

81 833 132 914 dit⁷
153 839 260 898 tamen
283 832 458 898 cavendum
482 837 530 896 est
552 854 593 894 ne
615 830 693 894 illud
715 851 817 914 genus
839 850 967 913 prorsus
990 825 1206 911 explodamus.

82 943 159 1017 Quod
190 947 224 1008 ut
257 967 323 1008 11011
361 941 512 1006 abhorret
550 941 591 1004 ab
626 940 811 1004 Latinorum
848 943 1014 1022 poctarum
1051 957 1206 1016 sermone,

82 1053 157 1115 velut
184 1053 302 1117 Tibulli
325 1053 356 1134 1,
385 1053 423 1134 3,
453 1053 494 1116 70
528 1052 762 1134 (Tisiphoneque
783 1058 906 1130 impexa
925 1052 1010 1126 seros
1034 1068 1095 1126 pro
1116 1052 1207 1110 1νί111·-

81 1167 127 1225 bus
147 1185 259 1242 unques
281 1167 398 1240 Saevit,
428 1175 461 1226 ct
487 1167 546 1226 Aac
574 1167 646 1226 illuc
676 1167 769 1240 impia
797 1166 886 1224 larba
910 1159 1026 1244 sopit),
1056 1157 1101 1220 ita
1124 1156 1206 1240 apud

82 1271 207 1337 Graecos
222 1273 309 1336 haud
324 1271 432 1357 paullo
446 1271 644 1354 frequentius
660 1270 826 1354 reperitur.
859 1267 956 1332 Velut
968 1267 1050 1352 apud
1068 1266 1207 1350 Aeschy-

82 1381 138 1445 lum
159 1381 287 1466 Septem
309 1383 349 1446 ad
372 1381 498 1446 Thebas
523 1403 553 1444 v.
577 1381 634 1446 661

219 1513 326 1588 κάγὼ
348 1511 389 1576 τὰ
410 1510 508 1576 λοιπὰ
530 1511 641 1576 ππτόν
663 1507 885 1588 ἡμεροεκόπον

219 1622 393 1702 ὀφθαλμὸν
416 1621 504 1702 ἕξω,
529 1623 589 1684 καὶ
610 1619 766 1702 ςαφηνεὶᾳ
788 1617 889 1694 λόγου

218 1731 314 1796 εἰδὼς
335 1733 375 1795 τὰ
395 1734 462 1795 τῶν
484 1729 622 1810 θύραθεν
644 1729 782 1809 ἀβλαβὴς
806 1727 888 1792 tter.

84 1861 189 1926 lbidem
212 1887 242 1929 v.
267 1865 345 1929 386:

217 2007 266 2085 τῷ
289 2020 339 2065 τοι
361 2001 496 2081 φέροντι
518 2001 602 2080 εῆμ’
623 1999 831 2078 ὑπέρκομπον
853 1997 928 2062 τόδε

218 2111 372 2185 γένοιτ’
394 2111 434 2174 άν
457 2111 564 2188 ὀρθῶς
585 2109 718 2174 ἐνδίκως
739 2110 770 2172 τ’
792 2109 983 2186 ἐπώνυμον,

219 2218 363 2284 καύτό(
390 2221 466 2284 καθ’
486 2219 585 2284 αὑτοῦ
607 2219 700 2296 τήνδ’
722 2216 1097 2297 ὕβρινραντεύοετακ

82 2353 154 2413 etv.
177 2353 254 2416 6291

218 2527 262 2538 -
284 2490 436 2556 κατάξω
459 2491 491 2554 δ’
512 2489 616 2568 ἄνδρα
636 2487 742 2570 τόνδε,
766 2489 827 2552 καὶ
849 2487 943 2551 πόλιν

219 2603 299 2667 ἕξει
322 2603 484 2684 πατρῴων
507 2601 666 2678 δωμάτων
687 2601 720 2663 τ’
742 2597 945 2676 ἐπιετροφάο.

85 2731 163 2796 Adde
184 2734 350 2818 Sophoclis
374 2735 560 2818 Antigonae
583 2756 611 2796 v.
639 2734 719 2798 1172
743 2729 867 2820 [118611

222 2873 272 2936 καὶ
295 2871 475 2951 τυγχάνω
497 2890 532 2936 τε
554 2870 667 2953 κλῇθρ’
690 2869 892 2934 ἀναεπαετοῡ
914 2869 1015 2946 πύλης

220 2985 362 3060 χαλῶεα,
384 2981 447 3044 καί
469 3000 506 3058 με
528 2981 704 3060 φθόγγος
726 2979 844 3043 οἰκείου
867 2981 965 3042 κακοῦ

220 3093 358 3171 βάλλει
381 3093 425 3154 δι’
447 3091 551 3155 ὤτων.

85 3238 137 3302 scu
162 3243 226 3306 eius
253 3243 340 3306 modi
368 3242 524 3306 dictorum
553 3240 726 3323 singularis
754 3239 909 3324 quaedam
939 3240 1021 3303 ratio
1049 3239 1126 3302 haec
1149 3245 1207 3322 est,

84 3351 114 3410 ut
134 3352 297 3415 enuntiata
318 3373 383 3417 11011
406 3351 472 3416 sint
494 3351 681 3434 simpliciter
701 3354 827 3414 tuntum
843 3350 1002 3432 copulate,
1026 3349 1080 3412 scd
1103 3349 1209 3432 aptius

85 3457 211 3524 interae
234 3481 356 3526 conexa
378 3465 410 3524 ct
432 3461 569 3524 invicem
591 3459 652 3524 sibi
676 3461 787 3522 relata,
830 3459 961 3522 Etenim
984 3459 1088 3542 priore
1111 3479 1208 3521 enun-

84 3566 155 3631 tiato
180 3570 245 3634 fere
277 3571 459 3635 continetur
487 3591 626 3634 caussa
654 3569 720 3632 eius
747 3569 793 3631 rei
821 3589 902 3650 quae
935 3568 1064 3630 1111011111
1096 3567 1207 3649 altero,

84 3677 127 3738 vel
153 3683 234 3742 certe
261 3679 455 3744 antecedens
482 3679 633 3763 quiddam
661 3679 744 3762 quod
777 3677 877 3760 possit
904 3699 961 3760 pro
991 3699 1102 3740 caussa
1130 3699 1207 3740 esse.

86 3785 129 3848 Ad
154 3789 260 3852 Aiacis
288 3793 394 3853 autem
422 3811 530 3853 versus
557 3789 620 3852 ista
647 3787 801 3850 orationis
830 3787 933 3850 formu
962 3787 1134 3868 insiguiter
1161 3790 1211 3849 est

85 3900 321 3964 accommodata,
367 3899 403 3962 111
433 3921 510 3982 quo,
540 3903 575 3962 ut
597 3899 657 3960 hoc
680 3918 919 3980 praemoneam,
951 3918 1017 3960 non
1040 3897 1118 3960 satis
1141 3917 1209 3979 pcr-

85 4004 221 4088 spiritur,
250 4009 410 4092 quodnam
438 4007 480 4070 sit
508 4005 586 4070 illud
609 4008 712 4070 fatum
736 4007 783 4069 cui
807 4006 979 4088 opponitur
1001 4005 1081 4085 ἄλλη
1103 4009 1208 4085 μοῖρα.

87 4110 202 4179 Patriae
219 4119 304 4182 enim
328 4117 484 4182 excidium
508 4139 578 4180 cum
602 4117 760 4180 referatur
775 4115 815 4178 ad
832 4117 963 4179 Aiacem
980 4113 1154 4198 etquidem
1169 4115 1210 4179 ad

86 4222 144 4286 eius
158 4224 292 4307 hastam,
310 4230 365 4290 aut
381 4227 463 4289 Aiax
479 4226 597 4289 dicitur
610 4230 705 4306 μοῖρα
721 4248 788 4288 csse
805 4229 859 4288 aut
875 4226 968 4290 basta
984 4224 1060 4288 cius.
1092 4225 1210 4300 Quodsi

86 4334 205 4398 omniuo
229 4337 290 4398 alio
313 4336 402 4400 exitii
431 4357 548 4414 genere
571 4336 729 4398 exstincta
758 4357 827 4396 csse
849 4335 965 4398 dicitur
988 4334 1092 4417 putria
1116 4341 1210 4418 atquo
