<?xml version="1.0" encoding="UTF-8"?>
<!DOCTYPE html PUBLIC "-//W3C//DTD XHTML 1.0 Transitional//EN"
    "http://www.w3.org/TR/xhtml1/DTD/xhtml1-transitional.dtd">
<html xmlns="http://www.w3.org/1999/xhtml" xml:lang="en" lang="en">
 <head>
  <title>
</title>
<meta http-equiv="Content-Type" content="text/html;charset=utf-8" />
  <meta name='ocr-system' content='tesseract 3.04.00' />
  <meta name='ocr-capabilities' content='ocr_page ocr_carea ocr_par ocr_line ocrx_word'/>
</head>
<body>
  <div class='ocr_page' id='page_1' title='image "./fridericiritsch04ritsgoog_0793.png"; bbox 0 0 3052 5136; ppageno 0'>
   <div class='ocr_carea' id='block_1_1' title="bbox 311 355 1160 418">
    <p class='ocr_par' dir='ltr' id='par_1_1' title="bbox 311 355 1160 418">
     <span class='ocr_line' id='line_1_1' title="bbox 311 355 1160 418; baseline 0.001 -1"><span class='ocrx_word' id='word_1_1' title='bbox 311 355 371 418; x_wconf 75' lang='lat'>764</span> <span class='ocrx_word' id='word_1_2' title='bbox 595 373 627 418; x_wconf 85' lang='lat' dir='ltr'>u.</span> <span class='ocrx_word' id='word_1_3' title='bbox 652 371 836 418; x_wconf 71' lang='lat' dir='ltr'>narramur</span> <span class='ocrx_word' id='word_1_4' title='bbox 861 372 907 418; x_wconf 83' lang='lat' dir='ltr'>os</span> <span class='ocrx_word' id='word_1_5' title='bbox 931 371 962 417; x_wconf 76' lang='lat' dir='ltr'>a.</span> <span class='ocrx_word' id='word_1_6' title='bbox 986 372 1015 417; x_wconf 81' lang='lat' dir='ltr'>r.</span> <span class='ocrx_word' id='word_1_7' title='bbox 1038 371 1160 418; x_wconf 68' lang='lat' dir='ltr'>secun</span> 
     </span>
    </p>
   </div>
   <div class='ocr_carea' id='block_1_2' title="bbox 310 524 1433 2594">
    <p class='ocr_par' dir='ltr' id='par_1_2' title="bbox 310 524 1433 1802">
     <span class='ocr_line' id='line_1_2' title="bbox 311 524 1430 618; baseline 0.001 -32"><span class='ocrx_word' id='word_1_8' title='bbox 311 524 576 618; x_wconf 38' lang='lat' dir='ltr'>tici,.retulisse,</span> <span class='ocrx_word' id='word_1_9' title='bbox 606 549 685 608; x_wconf 69' lang='lat' dir='ltr'>(puae</span> <span class='ocrx_word' id='word_1_10' title='bbox 716 549 734 586; x_wconf 90' lang='lat' dir='ltr'>a</span> <span class='ocrx_word' id='word_1_11' title='bbox 763 526 896 590; x_wconf 86' lang='lat' dir='ltr'>diversis</span> <span class='ocrx_word' id='word_1_12' title='bbox 924 526 1043 589; x_wconf 87' lang='lat' dir='ltr'>tradita</span> <span class='ocrx_word' id='word_1_13' title='bbox 1071 531 1193 608; x_wconf 84' lang='lat' dir='ltr'>essent,</span> <span class='ocrx_word' id='word_1_14' title='bbox 1224 525 1352 589; x_wconf 86' lang='lat' dir='ltr'>videtur.</span> <span class='ocrx_word' id='word_1_15' title='bbox 1391 529 1430 588; x_wconf 74' lang='lat' dir='ltr'>hc</span> 
     </span>
     <span class='ocr_line' id='line_1_3' title="bbox 310 633 1432 720; baseline 0.002 -26"><span class='ocrx_word' id='word_1_16' title='bbox 310 633 412 716; x_wconf 86' lang='lat' dir='ltr'>primo</span> <span class='ocrx_word' id='word_1_17' title='bbox 442 639 568 717; x_wconf 87' lang='lat' dir='ltr'>narrat,</span> <span class='ocrx_word' id='word_1_18' title='bbox 604 657 640 698; x_wconf 86' lang='lat' dir='ltr'>ex</span> <span class='ocrx_word' id='word_1_19' title='bbox 677 636 805 700; x_wconf 80' lang='lat' dir='ltr'>Pleiade</span> <span class='ocrx_word' id='word_1_20' title='bbox 838 637 936 700; x_wconf 84' lang='lat' dir='ltr'>fuisse</span> <span class='ocrx_word' id='word_1_21' title='bbox 965 636 1191 720; x_wconf 82' lang='lat' dir='ltr'>Sosiphanem3</span> <span class='ocrx_word' id='word_1_22' title='bbox 1225 636 1349 719; x_wconf 88' lang='lat' dir='ltr'>deinde,</span> <span class='ocrx_word' id='word_1_23' title='bbox 1380 637 1432 700; x_wconf 85' lang='lat' dir='ltr'>alio</span> 
     </span>
     <span class='ocr_line' id='line_1_4' title="bbox 311 746 1432 831; baseline 0.004 -25"><span class='ocrx_word' id='word_1_24' title='bbox 311 748 449 827; x_wconf 91' lang='lat' dir='ltr'>auctore,</span> <span class='ocrx_word' id='word_1_25' title='bbox 474 746 589 809; x_wconf 88' lang='lat' dir='ltr'>vixisse</span> <span class='ocrx_word' id='word_1_26' title='bbox 613 751 753 810; x_wconf 85' lang='lat' dir='ltr'>extremo</span> <span class='ocrx_word' id='word_1_27' title='bbox 772 746 926 831; x_wconf 85' lang='lat' dir='ltr'>Philippi,</span> <span class='ocrx_word' id='word_1_28' title='bbox 950 751 982 810; x_wconf 90' lang='lat' dir='ltr'>et</span> <span class='ocrx_word' id='word_1_29' title='bbox 1004 768 1129 810; x_wconf 84' lang='lat' dir='ltr'>rursum</span> <span class='ocrx_word' id='word_1_30' title='bbox 1152 769 1190 810; x_wconf 87' lang='lat' dir='ltr'>ex</span> <span class='ocrx_word' id='word_1_31' title='bbox 1213 747 1287 830; x_wconf 87' lang='lat' dir='ltr'>alio,</span> <span class='ocrx_word' id='word_1_32' title='bbox 1310 751 1432 811; x_wconf 85' lang='lat' dir='ltr'>extremo</span> 
     </span>
     <span class='ocr_line' id='line_1_5' title="bbox 310 855 1431 940; baseline 0.003 -23"><span class='ocrx_word' id='word_1_33' title='bbox 310 855 487 918; x_wconf 77' lang='lat' dir='ltr'>Alexandri</span> <span class='ocrx_word' id='word_1_34' title='bbox 510 860 667 940; x_wconf 90' lang='lat' dir='ltr'>tempore:</span> <span class='ocrx_word' id='word_1_35' title='bbox 690 861 758 920; x_wconf 92' lang='lat' dir='ltr'>tum</span> <span class='ocrx_word' id='word_1_36' title='bbox 781 857 902 938; x_wconf 85' lang='lat' dir='ltr'>pariter</span> <span class='ocrx_word' id='word_1_37' title='bbox 924 879 961 920; x_wconf 89' lang='lat' dir='ltr'>ex</span> <span class='ocrx_word' id='word_1_38' title='bbox 985 857 1064 938; x_wconf 88' lang='lat' dir='ltr'>alio,</span> <span class='ocrx_word' id='word_1_39' title='bbox 1090 857 1280 940; x_wconf 81' lang='lat' dir='ltr'>Olympiade</span> <span class='ocrx_word' id='word_1_40' title='bbox 1302 857 1378 938; x_wconf 83' lang='lat' dir='ltr'>CXI,</span> <span class='ocrx_word' id='word_1_41' title='bbox 1402 881 1431 921; x_wconf 84' lang='lat' dir='ltr'>er</span> 
     </span>
     <span class='ocr_line' id='line_1_6' title="bbox 311 965 1431 1050; baseline 0.004 -22"><span class='ocrx_word' id='word_1_42' title='bbox 311 965 373 1028; x_wconf 85' lang='lat' dir='ltr'>alio</span> <span class='ocrx_word' id='word_1_43' title='bbox 397 969 525 1050; x_wconf 86' lang='lat' dir='ltr'>autcru,⁰</span> <span class='ocrx_word' id='word_1_44' title='bbox 546 967 649 1032; x_wconf 72' lang='lat' dir='ltr'>0le</span> <span class='ocrx_word' id='word_1_45' title='bbox 678 967 795 1031; x_wconf 84' lang='lat' dir='ltr'>obiisse</span> <span class='ocrx_word' id='word_1_46' title='bbox 826 967 948 1031; x_wconf 80' lang='lat' dir='ltr'><strong>scribit.</strong></span> <span class='ocrx_word' id='word_1_47' title='bbox 993 967 1082 1042; x_wconf 77' lang='lat' dir='ltr'>Quod</span> <span class='ocrx_word' id='word_1_48' title='bbox 1105 971 1213 1032; x_wconf 90' lang='lat' dir='ltr'>autem</span> <span class='ocrx_word' id='word_1_49' title='bbox 1236 968 1337 1050; x_wconf 88' lang='lat' dir='ltr'>addit,</span> <span class='ocrx_word' id='word_1_50' title='bbox 1360 971 1431 1034; x_wconf 77' lang='lat' dir='ltr'>cibi</span> 
     </span>
     <span class='ocr_line' id='line_1_7' title="bbox 310 1076 1432 1161; baseline 0 -21"><span class='ocrx_word' id='word_1_51' title='bbox 310 1077 442 1155; x_wconf 81' lang='lat' dir='ltr'>drudcm</span> <span class='ocrx_word' id='word_1_52' title='bbox 465 1078 564 1143; x_wconf 86' lang='grc' dir='ltr'>αὐτὸν</span> <span class='ocrx_word' id='word_1_53' title='bbox 586 1079 760 1158; x_wconf 72' lang='grc' dir='ltr'>γράφουει,</span> <span class='ocrx_word' id='word_1_54' title='bbox 790 1076 829 1140; x_wconf 90' lang='lat' dir='ltr'>ad</span> <span class='ocrx_word' id='word_1_55' title='bbox 857 1077 946 1141; x_wconf 88' lang='lat' dir='ltr'>illam</span> <span class='ocrx_word' id='word_1_56' title='bbox 968 1078 1072 1160; x_wconf 87' lang='lat' dir='ltr'>ipsam</span> <span class='ocrx_word' id='word_1_57' title='bbox 1095 1077 1317 1161; x_wconf 81' lang='lat' dir='ltr'>Olympiadem</span> <span class='ocrx_word' id='word_1_58' title='bbox 1338 1078 1432 1141; x_wconf 85' lang='lat' dir='ltr'>rcl&#39;erri</span> 
     </span>
     <span class='ocr_line' id='line_1_8' title="bbox 311 1187 1433 1271; baseline 0.001 -24"><span class='ocrx_word' id='word_1_59' title='bbox 311 1187 444 1269; x_wconf 87' lang='lat' dir='ltr'>poterit,</span> <span class='ocrx_word' id='word_1_60' title='bbox 480 1191 516 1250; x_wconf 91' lang='lat' dir='ltr'>ut</span> <span class='ocrx_word' id='word_1_61' title='bbox 543 1187 597 1250; x_wconf 88' lang='lat' dir='ltr'>alii</span> <span class='ocrx_word' id='word_1_62' title='bbox 627 1210 698 1250; x_wconf 84' lang='lat' dir='ltr'>cuin</span> <span class='ocrx_word' id='word_1_63' title='bbox 726 1188 781 1251; x_wconf 94' lang='lat' dir='ltr'>illo</span> <span class='ocrx_word' id='word_1_64' title='bbox 808 1192 952 1271; x_wconf 88' lang='lat' dir='ltr'>tempore</span> <span class='ocrx_word' id='word_1_65' title='bbox 980 1210 1044 1252; x_wconf 89' lang='lat' dir='ltr'>nou</span> <span class='ocrx_word' id='word_1_66' title='bbox 1073 1187 1193 1269; x_wconf 86' lang='lat' dir='ltr'>obisse,</span> <span class='ocrx_word' id='word_1_67' title='bbox 1228 1189 1282 1251; x_wconf 89' lang='lat' dir='ltr'>sed</span> <span class='ocrx_word' id='word_1_68' title='bbox 1311 1187 1433 1251; x_wconf 82' lang='lat' dir='ltr'>floruisse</span> 
     </span>
     <span class='ocr_line' id='line_1_9' title="bbox 310 1296 1431 1381; baseline 0 -23"><span class='ocrx_word' id='word_1_69' title='bbox 310 1296 512 1360; x_wconf 89' lang='lat' dir='ltr'>tradiderint.</span> <span class='ocrx_word' id='word_1_70' title='bbox 567 1299 765 1380; x_wconf 77' lang='lat' dir='ltr'>Quamquam</span> <span class='ocrx_word' id='word_1_71' title='bbox 799 1321 863 1362; x_wconf 89' lang='lat' dir='ltr'>nou</span> <span class='ocrx_word' id='word_1_72' title='bbox 897 1297 1092 1381; x_wconf 74' lang='lat' dir='ltr'>pertinacius</span> <span class='ocrx_word' id='word_1_73' title='bbox 1125 1298 1332 1378; x_wconf 88' lang='lat' dir='ltr'>contendam,</span> <span class='ocrx_word' id='word_1_74' title='bbox 1367 1297 1431 1361; x_wconf 86' lang='lat' dir='ltr'>nihil</span> 
     </span>
     <span class='ocr_line' id='line_1_10' title="bbox 311 1406 1433 1492; baseline 0.002 -24"><span class='ocrx_word' id='word_1_75' title='bbox 311 1406 345 1469; x_wconf 91' lang='lat' dir='ltr'>in</span> <span class='ocrx_word' id='word_1_76' title='bbox 379 1406 518 1470; x_wconf 83' lang='lat' dir='ltr'>numeris</span> <span class='ocrx_word' id='word_1_77' title='bbox 551 1411 720 1491; x_wconf 86' lang='lat' dir='ltr'>peccatum</span> <span class='ocrx_word' id='word_1_78' title='bbox 758 1430 841 1472; x_wconf 89' lang='lat' dir='ltr'>esse:</span> <span class='ocrx_word' id='word_1_79' title='bbox 881 1409 934 1492; x_wconf 92' lang='lat' dir='ltr'>qui</span> <span class='ocrx_word' id='word_1_80' title='bbox 967 1408 994 1472; x_wconf 86' lang='lat' dir='ltr'>si</span> <span class='ocrx_word' id='word_1_81' title='bbox 1028 1413 1102 1472; x_wconf 87' lang='lat' dir='ltr'>sunt</span> <span class='ocrx_word' id='word_1_82' title='bbox 1140 1408 1260 1490; x_wconf 87' lang='lat' dir='ltr'>vitiati,</span> <span class='ocrx_word' id='word_1_83' title='bbox 1303 1430 1358 1491; x_wconf 92' lang='lat' dir='ltr'>pro</span> <span class='ocrx_word' id='word_1_84' title='bbox 1386 1407 1433 1488; x_wconf 81' lang='lat' dir='ltr'>pru&#39;</span> 
     </span>
     <span class='ocr_line' id='line_1_11' title="bbox 311 1516 1432 1602; baseline 0 -23"><span class='ocrx_word' id='word_1_85' title='bbox 311 1521 343 1579; x_wconf 92' lang='lat' dir='ltr'>et</span> <span class='ocrx_word' id='word_1_86' title='bbox 374 1516 432 1597; x_wconf 83' lang='lat' dir='ltr'>prb&#39;</span> <span class='ocrx_word' id='word_1_87' title='bbox 455 1518 635 1600; x_wconf 82' lang='lat' dir='ltr'>scripserim</span> <span class='ocrx_word' id='word_1_88' title='bbox 664 1519 731 1598; x_wconf 77' lang='lat' dir='ltr'>pxu&#39;</span> <span class='ocrx_word' id='word_1_89' title='bbox 754 1523 787 1582; x_wconf 89' lang='lat' dir='ltr'>et</span> <span class='ocrx_word' id='word_1_90' title='bbox 819 1518 900 1602; x_wconf 81' lang='lat' dir='ltr'>pub&#39;,</span> <span class='ocrx_word' id='word_1_91' title='bbox 936 1518 982 1583; x_wconf 87' lang='lat' dir='ltr'>sic</span> <span class='ocrx_word' id='word_1_92' title='bbox 1003 1523 1128 1602; x_wconf 83' lang='lat' dir='ltr'>tamen,</span> <span class='ocrx_word' id='word_1_93' title='bbox 1165 1522 1202 1582; x_wconf 92' lang='lat' dir='ltr'>ut</span> <span class='ocrx_word' id='word_1_94' title='bbox 1229 1518 1364 1601; x_wconf 84' lang='lat' dir='ltr'>priorem</span> <span class='ocrx_word' id='word_1_95' title='bbox 1388 1539 1432 1579; x_wconf 90' lang='lat' dir='ltr'>uu·</span> 
     </span>
     <span class='ocr_line' id='line_1_12' title="bbox 310 1626 1431 1715; baseline -0.001 -26"><span class='ocrx_word' id='word_1_96' title='bbox 310 1649 431 1690; x_wconf 89' lang='lat' dir='ltr'>merum</span> <span class='ocrx_word' id='word_1_97' title='bbox 464 1651 501 1691; x_wconf 89' lang='lat' dir='ltr'>ex</span> <span class='ocrx_word' id='word_1_98' title='bbox 529 1629 644 1692; x_wconf 85' lang='lat' dir='ltr'>vitioso</span> <span class='ocrx_word' id='word_1_99' title='bbox 674 1628 781 1694; x_wconf 87' lang='lat' dir='ltr'>codice</span> <span class='ocrx_word' id='word_1_100' title='bbox 810 1630 939 1696; x_wconf 89' lang='lat' dir='ltr'>ductum</span> <span class='ocrx_word' id='word_1_101' title='bbox 967 1633 1092 1715; x_wconf 89' lang='lat' dir='ltr'>putem,</span> <span class='ocrx_word' id='word_1_102' title='bbox 1126 1629 1160 1693; x_wconf 90' lang='lat' dir='ltr'>in</span> <span class='ocrx_word' id='word_1_103' title='bbox 1183 1651 1247 1713; x_wconf 88' lang='lat' dir='ltr'>quo</span> <span class='ocrx_word' id='word_1_104' title='bbox 1269 1628 1332 1709; x_wconf 80' lang='lat' dir='ltr'>pub&#39;</span> <span class='ocrx_word' id='word_1_105' title='bbox 1352 1626 1431 1690; x_wconf 80' lang='lat' dir='ltr'>scribi</span> 
     </span>
     <span class='ocr_line' id='line_1_13' title="bbox 311 1737 474 1802; baseline 0.025 -4"><span class='ocrx_word' id='word_1_106' title='bbox 311 1737 474 1802; x_wconf 81' lang='lat' dir='ltr'>delmerat.</span> 
     </span>
    </p>

    <p class='ocr_par' dir='ltr' id='par_1_3' title="bbox 311 1831 1432 2594">
     <span class='ocr_line' id='line_1_14' title="bbox 395 1831 1430 1934; baseline -0.001 -24"><span class='ocrx_word' id='word_1_107' title='bbox 395 1848 430 1911; x_wconf 91' lang='lat' dir='ltr'>P.</span> <span class='ocrx_word' id='word_1_108' title='bbox 454 1849 484 1911; x_wconf 84' lang='grc'>4.</span> <span class='ocrx_word' id='word_1_109' title='bbox 530 1850 569 1912; x_wconf 87' lang='lat' dir='ltr'>lu</span> <span class='ocrx_word' id='word_1_110' title='bbox 597 1850 735 1914; x_wconf 85' lang='lat' dir='ltr'>Sosithei</span> <span class='ocrx_word' id='word_1_111' title='bbox 761 1851 960 1934; x_wconf 83' lang='lat' dir='ltr'>fragmento,</span> <span class='ocrx_word' id='word_1_112' title='bbox 991 1850 1074 1934; x_wconf 89' lang='lat' dir='ltr'>quod</span> <span class='ocrx_word' id='word_1_113' title='bbox 1103 1871 1119 1913; x_wconf 88' lang='lat' dir='ltr'>e</span> <span class='ocrx_word' id='word_1_114' title='bbox 1147 1849 1287 1914; x_wconf 81' lang='lat' dir='ltr'>Stobaeo</span> <span class='ocrx_word' id='word_1_115' title='bbox 1314 1831 1430 1932; x_wconf 79' lang='lat' dir='ltr'>profers,</span> 
     </span>
     <span class='ocr_line' id='line_1_15' title="bbox 311 1958 1432 2043; baseline 0.001 -23"><span class='ocrx_word' id='word_1_116' title='bbox 311 1958 408 2020; x_wconf 91' lang='lat' dir='ltr'>editio</span> <span class='ocrx_word' id='word_1_117' title='bbox 430 1958 579 2042; x_wconf 88' lang='lat' dir='ltr'>princeps</span> <span class='ocrx_word' id='word_1_118' title='bbox 603 1959 732 2024; x_wconf 69' lang='lat' dir='ltr'>Stoliaei</span> <span class='ocrx_word' id='word_1_119' title='bbox 754 1960 863 2025; x_wconf 75' lang='grc' dir='ltr'>ἀετόετ</span> <span class='ocrx_word' id='word_1_120' title='bbox 885 1965 958 2043; x_wconf 87' lang='lat' dir='ltr'>post</span> <span class='ocrx_word' id='word_1_121' title='bbox 981 1960 1099 2024; x_wconf 91' lang='lat' dir='ltr'>editum</span> <span class='ocrx_word' id='word_1_122' title='bbox 1122 1959 1237 2042; x_wconf 74' lang='lat' dir='ltr'>aieret,</span> <span class='ocrx_word' id='word_1_123' title='bbox 1262 1963 1432 2040; x_wconf 67' lang='lat' dir='ltr'>reclames</span> 
     </span>
     <span class='ocr_line' id='line_1_16' title="bbox 311 2068 1429 2155; baseline -0.003 -25"><span class='ocrx_word' id='word_1_124' title='bbox 311 2068 444 2151; x_wconf 84' lang='lat' dir='ltr'>imlieio,</span> <span class='ocrx_word' id='word_1_125' title='bbox 478 2071 505 2132; x_wconf 86' lang='lat' dir='ltr'>si</span> <span class='ocrx_word' id='word_1_126' title='bbox 533 2070 659 2153; x_wconf 86' lang='lat' dir='ltr'>quidem</span> <span class='ocrx_word' id='word_1_127' title='bbox 693 2074 814 2133; x_wconf 86' lang='lat' dir='ltr'>veteres</span> <span class='ocrx_word' id='word_1_128' title='bbox 847 2071 987 2155; x_wconf 85' lang='lat' dir='ltr'>tragicos</span> <span class='ocrx_word' id='word_1_129' title='bbox 1020 2074 1170 2154; x_wconf 81' lang='lat' dir='ltr'>sequutus</span> <span class='ocrx_word' id='word_1_130' title='bbox 1198 2073 1247 2132; x_wconf 83' lang='lat' dir='ltr'>est</span> <span class='ocrx_word' id='word_1_131' title='bbox 1276 2068 1429 2134; x_wconf 78' lang='lat' dir='ltr'>Sositheus.</span> 
     </span>
     <span class='ocr_line' id='line_1_17' title="bbox 312 2177 1430 2263; baseline -0.003 -23"><span class='ocrx_word' id='word_1_132' title='bbox 312 2177 394 2240; x_wconf 80' lang='lat' dir='ltr'>Num</span> <span class='ocrx_word' id='word_1_133' title='bbox 418 2179 512 2245; x_wconf 77' lang='grc' dir='ltr'>ἀετὸε</span> <span class='ocrx_word' id='word_1_134' title='bbox 535 2181 675 2263; x_wconf 82' lang='lat' dir='ltr'>vulgaris</span> <span class='ocrx_word' id='word_1_135' title='bbox 699 2181 861 2244; x_wconf 78' lang='lat' dir='ltr'>Atticismi</span> <span class='ocrx_word' id='word_1_136' title='bbox 885 2185 917 2244; x_wconf 90' lang='lat' dir='ltr'>et</span> <span class='ocrx_word' id='word_1_137' title='bbox 938 2181 1151 2244; x_wconf 74' lang='lat' dir='ltr'>recentiorum</span> <span class='ocrx_word' id='word_1_138' title='bbox 1175 2183 1232 2243; x_wconf 90' lang='lat' dir='ltr'>est.</span> <span class='ocrx_word' id='word_1_139' title='bbox 1278 2179 1366 2242; x_wconf 92' lang='lat' dir='ltr'>Illum</span> <span class='ocrx_word' id='word_1_140' title='bbox 1387 2198 1430 2238; x_wconf 87' lang='lat' dir='ltr'>au·</span> 
     </span>
     <span class='ocr_line' id='line_1_18' title="bbox 312 2289 1431 2374; baseline -0.003 -24"><span class='ocrx_word' id='word_1_141' title='bbox 312 2293 374 2351; x_wconf 89' lang='lat' dir='ltr'>tem</span> <span class='ocrx_word' id='word_1_142' title='bbox 399 2313 538 2370; x_wconf 81' lang='lat' dir='ltr'>version,</span> <span class='ocrx_word' id='word_1_143' title='bbox 569 2313 662 2373; x_wconf 83' lang='lat' dir='ltr'>quem</span> <span class='ocrx_word' id='word_1_144' title='bbox 686 2290 846 2374; x_wconf 79' lang='lat' dir='ltr'>Diogenes</span> <span class='ocrx_word' id='word_1_145' title='bbox 869 2290 1015 2354; x_wconf 82' lang='lat' dir='ltr'>Laertius</span> <span class='ocrx_word' id='word_1_146' title='bbox 1039 2291 1148 2373; x_wconf 75' lang='lat' dir='ltr'>reffert,</span> <span class='ocrx_word' id='word_1_147' title='bbox 1171 2312 1237 2353; x_wconf 90' lang='lat' dir='ltr'>nou</span> <span class='ocrx_word' id='word_1_148' title='bbox 1266 2289 1376 2368; x_wconf 77' lang='lat' dir='ltr'>vincia,</span> <span class='ocrx_word' id='word_1_149' title='bbox 1403 2292 1431 2347; x_wconf 85' lang='lat' dir='ltr'>ut</span> 
     </span>
     <span class='ocr_line' id='line_1_19' title="bbox 312 2400 1430 2482; baseline -0.002 -21"><span class='ocrx_word' id='word_1_150' title='bbox 312 2401 461 2482; x_wconf 83' lang='lat' dir='ltr'>privatim</span> <span class='ocrx_word' id='word_1_151' title='bbox 487 2401 521 2463; x_wconf 93' lang='lat' dir='ltr'>in</span> <span class='ocrx_word' id='word_1_152' title='bbox 547 2400 735 2466; x_wconf 77' lang='lat' dir='ltr'>Cleanthem</span> <span class='ocrx_word' id='word_1_153' title='bbox 757 2401 878 2464; x_wconf 89' lang='lat' dir='ltr'>dictum</span> <span class='ocrx_word' id='word_1_154' title='bbox 902 2401 1038 2463; x_wconf 88' lang='lat' dir='ltr'>credam.</span> <span class='ocrx_word' id='word_1_155' title='bbox 1085 2403 1206 2482; x_wconf 86' lang='lat' dir='ltr'>Aperte</span> <span class='ocrx_word' id='word_1_156' title='bbox 1229 2400 1314 2463; x_wconf 87' lang='lat' dir='ltr'>euim</span> <span class='ocrx_word' id='word_1_157' title='bbox 1334 2417 1430 2480; x_wconf 79' lang='lat' dir='ltr'>repug-</span> 
     </span>
     <span class='ocr_line' id='line_1_20' title="bbox 312 2509 1431 2594; baseline -0.004 -22"><span class='ocrx_word' id='word_1_158' title='bbox 312 2516 392 2573; x_wconf 90' lang='lat' dir='ltr'>uaut</span> <span class='ocrx_word' id='word_1_159' title='bbox 416 2513 511 2574; x_wconf 87' lang='lat' dir='ltr'>verba</span> <span class='ocrx_word' id='word_1_160' title='bbox 534 2510 704 2594; x_wconf 76' lang='lat' dir='ltr'>Diogenis:</span> <span class='ocrx_word' id='word_1_161' title='bbox 743 2512 801 2590; x_wconf 79' lang='grc' dir='ltr'>ἐφ’</span> <span class='ocrx_word' id='word_1_162' title='bbox 824 2514 849 2594; x_wconf 81' lang='grc' dir='ltr'>ᾧ</span> <span class='ocrx_word' id='word_1_163' title='bbox 874 2511 1061 2588; x_wconf 76' lang='grc' dir='ltr'>ἀγαεθὲντεε</span> <span class='ocrx_word' id='word_1_164' title='bbox 1084 2511 1115 2574; x_wconf 83' lang='grc' dir='ltr'>οἱ</span> <span class='ocrx_word' id='word_1_165' title='bbox 1137 2509 1289 2590; x_wconf 86' lang='grc' dir='ltr'>ἀκροαταὶ</span> <span class='ocrx_word' id='word_1_166' title='bbox 1309 2511 1363 2574; x_wconf 85' lang='grc' dir='ltr'>τὸν</span> <span class='ocrx_word' id='word_1_167' title='bbox 1384 2509 1431 2582; x_wconf 81' lang='grc' dir='ltr'>μὲν</span> 
     </span>
    </p>
   </div>
   <div class='ocr_carea' id='block_1_3' title="bbox 311 2615 1431 2815">
    <p class='ocr_par' dir='ltr' id='par_1_4' title="bbox 311 2615 1431 2815">
     <span class='ocr_line' id='line_1_21' title="bbox 311 2615 1431 2709; baseline -0.004 -27"><span class='ocrx_word' id='word_1_168' title='bbox 311 2623 632 2699; x_wconf 55' lang='lat' dir='ltr'>lipidiacenses&amp;</span> <span class='ocrx_word' id='word_1_169' title='bbox 656 2622 812 2686; x_wconf 75' lang='lat' dir='ltr'>(meldens</span> <span class='ocrx_word' id='word_1_170' title='bbox 836 2623 997 2709; x_wconf 70' lang='grc' dir='ltr'>ἐξέβμλον.</span> <span class='ocrx_word' id='word_1_171' title='bbox 1043 2619 1104 2683; x_wconf 77' lang='lat' dir='ltr'>Sed</span> <span class='ocrx_word' id='word_1_172' title='bbox 1128 2619 1214 2683; x_wconf 88' lang='lat' dir='ltr'>uliud</span> <span class='ocrx_word' id='word_1_173' title='bbox 1243 2619 1311 2682; x_wconf 89' lang='lat' dir='ltr'>iure</span> <span class='ocrx_word' id='word_1_174' title='bbox 1337 2640 1370 2681; x_wconf 79' lang='lat' dir='ltr'>ex</span> <span class='ocrx_word' id='word_1_175' title='bbox 1389 2615 1431 2677; x_wconf 80' lang='lat' dir='ltr'>his</span> 
     </span>
     <span class='ocr_line' id='line_1_22' title="bbox 312 2727 1431 2815; baseline -0.004 -25"><span class='ocrx_word' id='word_1_176' title='bbox 312 2731 415 2792; x_wconf 80' lang='lat' dir='ltr'>verbis</span> <span class='ocrx_word' id='word_1_177' title='bbox 439 2731 586 2815; x_wconf 86' lang='lat' dir='ltr'>colliges,</span> <span class='ocrx_word' id='word_1_178' title='bbox 610 2755 676 2795; x_wconf 91' lang='lat' dir='ltr'>non</span> <span class='ocrx_word' id='word_1_179' title='bbox 699 2754 736 2794; x_wconf 88' lang='lat' dir='ltr'>ex</span> <span class='ocrx_word' id='word_1_180' title='bbox 759 2731 885 2811; x_wconf 84' lang='lat' dir='ltr'>t&#39;abula,</span> <span class='ocrx_word' id='word_1_181' title='bbox 909 2753 990 2813; x_wconf 70' lang='lat' dir='ltr'>‹priae</span> <span class='ocrx_word' id='word_1_182' title='bbox 1012 2730 1048 2794; x_wconf 91' lang='lat' dir='ltr'>iu</span> <span class='ocrx_word' id='word_1_183' title='bbox 1063 2752 1160 2793; x_wconf 88' lang='lat' dir='ltr'>scena</span> <span class='ocrx_word' id='word_1_184' title='bbox 1175 2733 1338 2813; x_wconf 83' lang='lat' dir='ltr'>ageretur,</span> <span class='ocrx_word' id='word_1_185' title='bbox 1359 2727 1431 2789; x_wconf 83' lang='lat' dir='ltr'>hmrc</span> 
     </span>
    </p>
   </div>
   <div class='ocr_carea' id='block_1_4' title="bbox 310 2838 1503 4463">
    <p class='ocr_par' dir='ltr' id='par_1_5' title="bbox 311 2838 1432 3454">
     <span class='ocr_line' id='line_1_23' title="bbox 312 2838 1430 2924; baseline -0.003 -23"><span class='ocrx_word' id='word_1_186' title='bbox 312 2862 436 2903; x_wconf 89' lang='lat' dir='ltr'>versum</span> <span class='ocrx_word' id='word_1_187' title='bbox 459 2841 681 2924; x_wconf 86' lang='lat' dir='ltr'>depromptum</span> <span class='ocrx_word' id='word_1_188' title='bbox 710 2865 794 2923; x_wconf 86' lang='lat' dir='ltr'>esse,</span> <span class='ocrx_word' id='word_1_189' title='bbox 824 2840 877 2904; x_wconf 87' lang='lat' dir='ltr'>sed</span> <span class='ocrx_word' id='word_1_190' title='bbox 909 2863 946 2904; x_wconf 86' lang='lat' dir='ltr'>ex</span> <span class='ocrx_word' id='word_1_191' title='bbox 976 2840 1133 2918; x_wconf 84' lang='lat' dir='ltr'>carmine,</span> <span class='ocrx_word' id='word_1_192' title='bbox 1160 2839 1245 2923; x_wconf 90' lang='lat' dir='ltr'>quod</span> <span class='ocrx_word' id='word_1_193' title='bbox 1271 2840 1336 2923; x_wconf 88' lang='lat' dir='ltr'>ipse</span> <span class='ocrx_word' id='word_1_194' title='bbox 1360 2838 1430 2902; x_wconf 67' lang='lat' dir='ltr'>ssi-</span> 
     </span>
     <span class='ocr_line' id='line_1_24' title="bbox 311 2949 1432 3034; baseline -0.002 -22"><span class='ocrx_word' id='word_1_195' title='bbox 311 2951 404 3013; x_wconf 86' lang='lat' dir='ltr'>theus</span> <span class='ocrx_word' id='word_1_196' title='bbox 432 2951 561 3034; x_wconf 89' lang='lat' dir='ltr'>publice</span> <span class='ocrx_word' id='word_1_197' title='bbox 590 2952 743 3014; x_wconf 83' lang='lat' dir='ltr'>recitarit.</span> <span class='ocrx_word' id='word_1_198' title='bbox 790 2951 867 3014; x_wconf 85' lang='lat' dir='ltr'>lude</span> <span class='ocrx_word' id='word_1_199' title='bbox 896 2951 1044 3016; x_wconf 75' lang='lat' dir='ltr'>eluderet</span> <span class='ocrx_word' id='word_1_200' title='bbox 1077 2950 1239 3023; x_wconf 72' lang='lat' dir='ltr'>LaertiuS,</span> <span class='ocrx_word' id='word_1_201' title='bbox 1267 2971 1329 3012; x_wconf 92' lang='lat' dir='ltr'>non</span> <span class='ocrx_word' id='word_1_202' title='bbox 1355 2949 1432 3022; x_wconf 80' lang='grc' dir='ltr'>ποιή-</span> 
     </span>
     <span class='ocr_line' id='line_1_25' title="bbox 311 3058 1430 3143; baseline -0.005 -19"><span class='ocrx_word' id='word_1_203' title='bbox 311 3081 441 3141; x_wconf 68' lang='grc' dir='ltr'>(αντοες</span> <span class='ocrx_word' id='word_1_204' title='bbox 475 3061 549 3124; x_wconf 91' lang='lat' dir='ltr'>inde</span> <span class='ocrx_word' id='word_1_205' title='bbox 583 3062 752 3143; x_wconf 81' lang='grc' dir='ltr'>ἀκροαταί,</span> <span class='ocrx_word' id='word_1_206' title='bbox 787 3082 852 3124; x_wconf 89' lang='lat' dir='ltr'>non</span> <span class='ocrx_word' id='word_1_207' title='bbox 879 3060 997 3124; x_wconf 85' lang='grc' dir='ltr'>Θεαταί.</span> <span class='ocrx_word' id='word_1_208' title='bbox 1042 3058 1091 3122; x_wconf 91' lang='lat' dir='ltr'>De</span> <span class='ocrx_word' id='word_1_209' title='bbox 1119 3059 1224 3122; x_wconf 84' lang='lat' dir='ltr'>verbis</span> <span class='ocrx_word' id='word_1_210' title='bbox 1252 3061 1303 3123; x_wconf 86' lang='grc' dir='ltr'>ἐπὶ</span> <span class='ocrx_word' id='word_1_211' title='bbox 1329 3064 1363 3139; x_wconf 72' lang='grc' dir='ltr'>τῇ</span> <span class='ocrx_word' id='word_1_212' title='bbox 1391 3078 1430 3118; x_wconf 84' lang='lat' dir='ltr'>re</span> 
     </span>
     <span class='ocr_line' id='line_1_26' title="bbox 312 3166 1432 3254; baseline -0.008 -20"><span class='ocrx_word' id='word_1_213' title='bbox 312 3173 410 3253; x_wconf 75' lang='grc' dir='ltr'>χούεῃ</span> <span class='ocrx_word' id='word_1_214' title='bbox 446 3171 623 3254; x_wconf 74' lang='grc' dir='ltr'>βλαεφημίᾳ</span> <span class='ocrx_word' id='word_1_215' title='bbox 655 3170 786 3234; x_wconf 79' lang='lat' dir='ltr'>falleris.</span> <span class='ocrx_word' id='word_1_216' title='bbox 833 3169 922 3232; x_wconf 81' lang='lat' dir='ltr'>Nihil</span> <span class='ocrx_word' id='word_1_217' title='bbox 955 3170 1017 3232; x_wconf 87' lang='lat' dir='ltr'>uisi</span> <span class='ocrx_word' id='word_1_218' title='bbox 1047 3168 1241 3250; x_wconf 86' lang='lat' dir='ltr'>convicium,</span> <span class='ocrx_word' id='word_1_219' title='bbox 1271 3169 1349 3252; x_wconf 78' lang='lat' dir='ltr'>quod</span> <span class='ocrx_word' id='word_1_220' title='bbox 1377 3166 1432 3228; x_wconf 81' lang='lat' dir='ltr'>lere</span> 
     </span>
     <span class='ocr_line' id='line_1_27' title="bbox 313 3276 1431 3363; baseline -0.005 -23"><span class='ocrx_word' id='word_1_221' title='bbox 313 3279 493 3363; x_wconf 85' lang='lat' dir='ltr'>nulliusque</span> <span class='ocrx_word' id='word_1_222' title='bbox 521 3283 674 3344; x_wconf 89' lang='lat' dir='ltr'>momenti</span> <span class='ocrx_word' id='word_1_223' title='bbox 703 3281 759 3360; x_wconf 88' lang='lat' dir='ltr'>sit,</span> <span class='ocrx_word' id='word_1_224' title='bbox 798 3283 944 3362; x_wconf 85' lang='lat' dir='ltr'>notatur,</span> <span class='ocrx_word' id='word_1_225' title='bbox 980 3280 1076 3343; x_wconf 90' lang='lat' dir='ltr'>etiam</span> <span class='ocrx_word' id='word_1_226' title='bbox 1100 3278 1126 3342; x_wconf 85' lang='lat' dir='ltr'>si</span> <span class='ocrx_word' id='word_1_227' title='bbox 1154 3278 1292 3342; x_wconf 79' lang='lat' dir='ltr'>maxime</span> <span class='ocrx_word' id='word_1_228' title='bbox 1319 3276 1431 3342; x_wconf 63' lang='lat' dir='ltr'>orechte-</span> 
     </span>
     <span class='ocr_line' id='line_1_28' title="bbox 311 3391 453 3454; baseline 0.021 -3"><span class='ocrx_word' id='word_1_229' title='bbox 311 3394 379 3453; x_wconf 90' lang='lat' dir='ltr'>tum</span> <span class='ocrx_word' id='word_1_230' title='bbox 402 3391 453 3454; x_wconf 87' lang='lat' dir='ltr'>sit.</span> 
     </span>
    </p>

    <p class='ocr_par' dir='ltr' id='par_1_6' title="bbox 310 3495 1503 4463">
     <span class='ocr_line' id='line_1_29' title="bbox 396 3495 1431 3585; baseline -0.002 -23"><span class='ocrx_word' id='word_1_231' title='bbox 396 3500 430 3563; x_wconf 87' lang='lat' dir='ltr'>P.</span> <span class='ocrx_word' id='word_1_232' title='bbox 454 3503 484 3564; x_wconf 67' lang='grc' dir='ltr'>τ’).</span> <span class='ocrx_word' id='word_1_233' title='bbox 531 3500 578 3563; x_wconf 91' lang='lat' dir='ltr'>De</span> <span class='ocrx_word' id='word_1_234' title='bbox 602 3501 796 3564; x_wconf 74' lang='lat' dir='ltr'>Dioscuridis</span> <span class='ocrx_word' id='word_1_235' title='bbox 821 3501 1052 3585; x_wconf 81' lang='lat' dir='ltr'>epigrammate</span> <span class='ocrx_word' id='word_1_236' title='bbox 1075 3521 1184 3562; x_wconf 87' lang='lat' dir='ltr'>vereor</span> <span class='ocrx_word' id='word_1_237' title='bbox 1205 3503 1242 3561; x_wconf 87' lang='lat' dir='ltr'>ut</span> <span class='ocrx_word' id='word_1_238' title='bbox 1261 3499 1329 3562; x_wconf 88' lang='lat' dir='ltr'>aliis</span> <span class='ocrx_word' id='word_1_239' title='bbox 1344 3495 1431 3577; x_wconf 65' lang='lat' dir='ltr'>mame</span> 
     </span>
     <span class='ocr_line' id='line_1_30' title="bbox 311 3602 1430 3692; baseline -0.007 -20"><span class='ocrx_word' id='word_1_240' title='bbox 311 3633 407 3692; x_wconf 85' lang='lat' dir='ltr'>quarn</span> <span class='ocrx_word' id='word_1_241' title='bbox 434 3610 514 3673; x_wconf 86' lang='lat' dir='ltr'>milri</span> <span class='ocrx_word' id='word_1_242' title='bbox 542 3633 749 3692; x_wconf 76' lang='lat' dir='ltr'>persuasurus</span> <span class='ocrx_word' id='word_1_243' title='bbox 779 3612 831 3673; x_wconf 89' lang='lat' dir='ltr'>sis.</span> <span class='ocrx_word' id='word_1_244' title='bbox 878 3611 1000 3673; x_wconf 85' lang='lat' dir='ltr'>Primos</span> <span class='ocrx_word' id='word_1_245' title='bbox 1034 3631 1142 3672; x_wconf 84' lang='lat' dir='ltr'>versus</span> <span class='ocrx_word' id='word_1_246' title='bbox 1173 3630 1233 3692; x_wconf 88' lang='lat' dir='ltr'>ego</span> <span class='ocrx_word' id='word_1_247' title='bbox 1266 3609 1299 3672; x_wconf 88' lang='lat' dir='ltr'>iu</span> <span class='ocrx_word' id='word_1_248' title='bbox 1326 3607 1378 3670; x_wconf 89' lang='lat' dir='ltr'>illa</span> <span class='ocrx_word' id='word_1_249' title='bbox 1402 3602 1430 3664; x_wconf 83' lang='lat' dir='ltr'>sd</span> 
     </span>
     <span class='ocr_line' id='line_1_31' title="bbox 314 3717 1431 3803; baseline -0.006 -21"><span class='ocrx_word' id='word_1_250' title='bbox 314 3719 465 3784; x_wconf 84' lang='lat' dir='ltr'>Beckium</span> <span class='ocrx_word' id='word_1_251' title='bbox 489 3720 624 3803; x_wconf 87' lang='lat' dir='ltr'>epistola</span> <span class='ocrx_word' id='word_1_252' title='bbox 646 3721 753 3801; x_wconf 88' lang='lat' dir='ltr'>omisi,</span> <span class='ocrx_word' id='word_1_253' title='bbox 779 3720 860 3803; x_wconf 85' lang='lat' dir='ltr'>quod</span> <span class='ocrx_word' id='word_1_254' title='bbox 884 3720 922 3782; x_wconf 90' lang='lat' dir='ltr'>de</span> <span class='ocrx_word' id='word_1_255' title='bbox 946 3719 1083 3783; x_wconf 85' lang='lat' dir='ltr'>lectione</span> <span class='ocrx_word' id='word_1_256' title='bbox 1106 3718 1307 3799; x_wconf 83' lang='lat' dir='ltr'>dubitabam,</span> <span class='ocrx_word' id='word_1_257' title='bbox 1330 3717 1363 3779; x_wconf 92' lang='lat' dir='ltr'>in</span> <span class='ocrx_word' id='word_1_258' title='bbox 1384 3723 1431 3777; x_wconf 86' lang='lat' dir='ltr'>ter·</span> 
     </span>
     <span class='ocr_line' id='line_1_32' title="bbox 310 3826 1430 3913; baseline -0.004 -21"><span class='ocrx_word' id='word_1_259' title='bbox 310 3831 356 3892; x_wconf 90' lang='lat' dir='ltr'>tio</span> <span class='ocrx_word' id='word_1_260' title='bbox 384 3830 510 3913; x_wconf 75' lang='lat' dir='ltr'>&lt;pridem</span> <span class='ocrx_word' id='word_1_261' title='bbox 539 3853 645 3912; x_wconf 87' lang='lat' dir='ltr'>versu,</span> <span class='ocrx_word' id='word_1_262' title='bbox 680 3852 745 3893; x_wconf 91' lang='lat' dir='ltr'>non</span> <span class='ocrx_word' id='word_1_263' title='bbox 778 3831 813 3892; x_wconf 88' lang='lat' dir='ltr'>iu</span> <span class='ocrx_word' id='word_1_264' title='bbox 839 3829 995 3909; x_wconf 89' lang='lat' dir='ltr'>secundo,</span> <span class='ocrx_word' id='word_1_265' title='bbox 1030 3829 1064 3892; x_wconf 89' lang='lat' dir='ltr'>in</span> <span class='ocrx_word' id='word_1_266' title='bbox 1099 3849 1176 3911; x_wconf 72' lang='lat' dir='ltr'>(pue,</span> <span class='ocrx_word' id='word_1_267' title='bbox 1212 3828 1239 3890; x_wconf 87' lang='lat' dir='ltr'>si</span> <span class='ocrx_word' id='word_1_268' title='bbox 1266 3826 1430 3910; x_wconf 84' lang='lat' dir='ltr'>quidquam.</span> 
     </span>
     <span class='ocr_line' id='line_1_33' title="bbox 311 3937 1430 4023; baseline -0.005 -20"><span class='ocrx_word' id='word_1_269' title='bbox 311 3941 470 4003; x_wconf 87' lang='lat' dir='ltr'>sincerum</span> <span class='ocrx_word' id='word_1_270' title='bbox 500 3945 592 4023; x_wconf 88' lang='lat' dir='ltr'>puto,</span> <span class='ocrx_word' id='word_1_271' title='bbox 627 3941 710 4022; x_wconf 89' lang='lat' dir='ltr'>quod</span> <span class='ocrx_word' id='word_1_272' title='bbox 742 3939 923 4003; x_wconf 84' lang='lat' dir='ltr'>Brunekius</span> <span class='ocrx_word' id='word_1_273' title='bbox 951 3938 1052 4020; x_wconf 87' lang='lat' dir='ltr'>dedit,</span> <span class='ocrx_word' id='word_1_274' title='bbox 1083 3937 1183 4003; x_wconf 69' lang='grc' dir='ltr'>ἄλλοι</span> <span class='ocrx_word' id='word_1_275' title='bbox 1210 3940 1244 4000; x_wconf 88' lang='lat' dir='ltr'>et</span> <span class='ocrx_word' id='word_1_276' title='bbox 1270 3937 1430 4018; x_wconf 79' lang='grc' dir='ltr'>(οφοκλήν.</span> 
     </span>
     <span class='ocr_line' id='line_1_34' title="bbox 312 4046 1430 4133; baseline -0.008 -21"><span class='ocrx_word' id='word_1_277' title='bbox 312 4049 394 4113; x_wconf 80' lang='lat' dir='ltr'>Nam</span> <span class='ocrx_word' id='word_1_278' title='bbox 418 4074 497 4132; x_wconf 68' lang='lat' dir='ltr'>(prisce</span> <span class='ocrx_word' id='word_1_279' title='bbox 521 4054 556 4112; x_wconf 93' lang='lat' dir='ltr'>tu</span> <span class='ocrx_word' id='word_1_280' title='bbox 579 4052 747 4133; x_wconf 85' lang='lat' dir='ltr'>proponis,</span> <span class='ocrx_word' id='word_1_281' title='bbox 777 4049 849 4112; x_wconf 86' lang='lat' dir='ltr'>vide</span> <span class='ocrx_word' id='word_1_282' title='bbox 876 4071 917 4113; x_wconf 90' lang='lat' dir='ltr'>ne</span> <span class='ocrx_word' id='word_1_283' title='bbox 941 4049 1069 4132; x_wconf 84' lang='lat' dir='ltr'>longius</span> <span class='ocrx_word' id='word_1_284' title='bbox 1098 4049 1139 4112; x_wconf 91' lang='lat' dir='ltr'>ab</span> <span class='ocrx_word' id='word_1_285' title='bbox 1169 4046 1430 4131; x_wconf 68' lang='lat' dir='ltr'>epigrammatis-ae</span> 
     </span>
     <span class='ocr_line' id='line_1_35' title="bbox 311 4153 1430 4242; baseline -0.002 -22"><span class='ocrx_word' id='word_1_286' title='bbox 311 4182 441 4242; x_wconf 83' lang='lat' dir='ltr'>poeseos</span> <span class='ocrx_word' id='word_1_287' title='bbox 475 4161 637 4242; x_wconf 86' lang='lat' dir='ltr'>elegantia</span> <span class='ocrx_word' id='word_1_288' title='bbox 671 4160 833 4222; x_wconf 83' lang='lat' dir='ltr'>recedant.</span> <span class='ocrx_word' id='word_1_289' title='bbox 878 4159 915 4221; x_wconf 89' lang='lat' dir='ltr'>ln</span> <span class='ocrx_word' id='word_1_290' title='bbox 950 4159 1045 4221; x_wconf 86' lang='lat' dir='ltr'>tertio</span> <span class='ocrx_word' id='word_1_291' title='bbox 1073 4179 1166 4220; x_wconf 88' lang='lat' dir='ltr'>versu</span> <span class='ocrx_word' id='word_1_292' title='bbox 1199 4157 1379 4220; x_wconf 84' lang='lat' dir='ltr'>dubitabam</span> <span class='ocrx_word' id='word_1_293' title='bbox 1402 4153 1430 4213; x_wconf 72' lang='lat' dir='ltr'>dr</span> 
     </span>
     <span class='ocr_line' id='line_1_36' title="bbox 312 4264 1503 4353; baseline -0.006 -24"><span class='ocrx_word' id='word_1_294' title='bbox 312 4269 439 4331; x_wconf 82' lang='lat' dir='ltr'>nonnae</span> <span class='ocrx_word' id='word_1_295' title='bbox 463 4271 594 4349; x_wconf 74' lang='grc' dir='ltr'>(κίρτοε.</span> <span class='ocrx_word' id='word_1_296' title='bbox 642 4269 778 4333; x_wconf 87' lang='lat' dir='ltr'>Det&#39;endi</span> <span class='ocrx_word' id='word_1_297' title='bbox 800 4269 917 4353; x_wconf 82' lang='lat' dir='ltr'>poterit</span> <span class='ocrx_word' id='word_1_298' title='bbox 941 4270 1002 4349; x_wconf 88' lang='lat' dir='ltr'>ita,</span> <span class='ocrx_word' id='word_1_299' title='bbox 1032 4273 1068 4330; x_wconf 93' lang='lat' dir='ltr'>ut</span> <span class='ocrx_word' id='word_1_300' title='bbox 1093 4289 1151 4350; x_wconf 90' lang='lat' dir='ltr'>pro</span> <span class='ocrx_word' id='word_1_301' title='bbox 1173 4265 1365 4330; x_wconf 75' lang='lat' dir='ltr'>elenduutiro</span> <span class='ocrx_word' id='word_1_302' title='bbox 1389 4264 1429 4325; x_wconf 86' lang='lat' dir='ltr'>la·</span> <span class='ocrx_word' id='word_1_303' title='bbox 1502 4307 1503 4312; x_wconf 19' lang='grc' dir='ltr'>η</span> 
     </span>
     <span class='ocr_line' id='line_1_37' title="bbox 311 4376 1428 4463; baseline -0.002 -24"><span class='ocrx_word' id='word_1_304' title='bbox 311 4379 432 4440; x_wconf 85' lang='lat' dir='ltr'>beatur.</span> <span class='ocrx_word' id='word_1_305' title='bbox 479 4379 516 4442; x_wconf 91' lang='lat' dir='ltr'>lu</span> <span class='ocrx_word' id='word_1_306' title='bbox 551 4380 693 4463; x_wconf 82' lang='lat' dir='ltr'>epitheto</span> <span class='ocrx_word' id='word_1_307' title='bbox 727 4380 956 4457; x_wconf 75' lang='lat' dir='ltr'>ncdbore&#39;veroc</span> <span class='ocrx_word' id='word_1_308' title='bbox 986 4381 1092 4442; x_wconf 88' lang='lat' dir='ltr'>autem</span> <span class='ocrx_word' id='word_1_309' title='bbox 1120 4376 1299 4444; x_wconf 84' lang='lat' dir='ltr'>Iacobsium</span> <span class='ocrx_word' id='word_1_310' title='bbox 1330 4393 1428 4440; x_wconf 67' lang='lat' dir='ltr'>erras</span> 
     </span>
    </p>
   </div>
   <div class='ocr_carea' id='block_1_5' title="bbox 0 0 1530 5136">
    <p class='ocr_par' dir='ltr' id='par_1_7' title="bbox 0 0 1530 5136">
     <span class='ocr_line' id='line_1_38' title="bbox 0 0 1530 5136; baseline 0 0"><span class='ocrx_word' id='word_1_311' title='bbox 0 0 1530 5136; x_wconf 95' lang='lat' dir='ltr'> </span> 
     </span>
    </p>
   </div>
  </div>
 </body>
</html>
