2952 5132
346 387 504 438 nrorrsn
525 386 874 438 aaaroanrsasnrsrs.
1122 371 1186 436 523

68 543 155 606 minin
176 543 356 605 constanter
378 539 428 604 nis
450 539 610 604 additiciis
632 539 713 604 solet
735 561 831 623 quam
846 538 1014 604 Vrbinatis
1036 539 1186 625 genuinis

69 650 274 734 supplementis
310 671 428 714 carere.
484 649 672 714 Percurram
713 649 891 734 insigniora
928 649 1083 732 quaedam
1120 671 1185 714 non

68 758 191 824 discretis
212 760 393 846 generibus.
438 759 464 842 Ι,
488 759 544 824 7οι
568 761 587 825 ὁ
609 762 645 826 δὲ
667 761 858 844 ((υφορβὸε)
881 759 925 826 εἰ(
947 759 1024 824 ὑλα(
1047 759 1184 839 ἐρήμου(

68 870 178 946 άναγὺν
203 871 302 949 αὐτὴν
331 869 491 954 (Λαῦναν)
520 869 566 936 ὼ(
592 872 659 936 τῶν
682 869 900 950 έπιτιιχοιιτῶν
922 889 1004 951 τινα,
1026 871 1184 949 φυλαττό-

66 1001 147 1058 μενο(
165 980 302 1062 ὀφθῆναι
323 983 390 1044 τοῖ(
412 979 543 1062 altone,
566 979 703 1060 ἔτρεφεν
727 980 762 1046 ἐν
783 983 821 1064 τῇ
844 979 931 1064 νάπῃ
953 979 1185 1044 καταοιειιάω(

68 1089 179 1168 οἴκηαν·
205 1089 380 1170 ἀναιρεῖταί
400 1109 435 1154 τε
457 1089 507 1155 καλ
527 1090 655 1171 τρέφει,
684 1088 831 1154 (ιλούιον
859 1087 1185 1168 losannensem

66 1199 135 1277 ὑλη(
175 1198 226 1264 Sic
247 1205 285 1281 A,
307 1197 556 1282 interpolatione
577 1198 667 1262 nulla
689 1199 892 1283 inquinatus,
922 1197 978 1262 sed
1000 1197 1185 1262 narratione

66 1311 95 1370 ut
112 1311 236 1393 apparet
257 1307 381 1372 mutila.
426 1307 517 1383 Quod
539 1307 681 1372 sentiens
705 1310 864 1372 corrector
885 1329 998 1391 parum
1021 1306 1185 1371 commoda

65 1421 125 1498 post
154 1417 268 1497 οἴκηαν
300 1417 434 1482 immisit
461 1417 540 1482 haee
568 1415 665 1480 verba
692 1417 737 1496 ἢ(
762 1419 806 1484 τὸ
835 1417 1220 1497 έγκυμονούμενονιι

65 1525 335 1607 άποιιυη(ά(η(,
369 1547 501 1611 quornm
534 1526 604 1591 loco
627 1531 657 1590 B
682 1529 819 1590 testatur
846 1525 923 1590 olim
951 1526 1111 1590 exstitisse
1140 1527 1187 1591 οὐ

65 1639 212 1702 πολλοῖ(
240 1639 456 1717 γνώριμον,
484 1637 546 1702 καὶ
573 1637 616 1702 τὸ
643 1635 805 1702 παιδίον
832 1636 1054 1715 γενόμενον
1084 1635 1187 1720 (ἀναι-

64 1749 146 1823 ρεῖται
180 1749 272 1829 κτλ).
326 1745 426 1830 quue
464 1745 511 1809 ita
547 1767 580 1810 se
615 1745 732 1810 habere
767 1745 946 1810 evidentius
979 1746 1077 1810 etiam
1110 1745 1188 1810 hinc

65 1855 251 1938 perspicitur,
279 1855 362 1940 quod
385 1859 539 1920 Ovorum
566 1855 627 1918 hoe
657 1855 913 1939 supplementum
940 1855 1038 1920 hebet
1060 1855 1095 1919 in
1116 1855 1187 1940 ipsa

64 1964 259 2030 continuitate
281 1965 466 2048 verborum,
494 1965 602 2028 futtile
630 1967 737 2028 antem
764 1965 1019 2030 additamentum
1046 1965 1124 2030 illud
1152 1965 1187 2030 in

63 2075 201 2159 margine.
236 2111 281 2124 -
312 2074 515 2140 Simillimam
547 2073 738 2141 Coisliniani
769 2075 927 2140 rationem
960 2078 1055 2160 atquc
1090 2075 1188 2140 etiam

62 2183 298 2250 manifestiorem
320 2183 419 2250 hebes
440 2183 498 2267 IV,
522 2185 572 2268 16,
596 2185 650 2248 nbi
671 2186 752 2250 haec
773 2185 808 2250 in
831 2206 868 2249 eo
891 2185 998 2249 codiee
1021 2186 1187 2269 leguntur:

62 2295 161 2362 διελὼν
187 2299 225 2362 δὲ
251 2295 370 2361 αὑτοὺ(
397 2299 469 2378 διχῇ
495 2295 730 2373 τετταράκοντα
757 2297 813 2372 μὲν
836 2294 965 2374 έποάηεε
988 2295 1188 2374 νεωτέρου(

61 2403 179 2486 loson,
207 2406 271 2472 cic
292 2407 361 2472 τὰ(
392 2404 628 2486 ὑπαιθρίου(
656 2403 838 2471 άπέδιιιιιε
860 2405 1083 2486 (τρατείαε,
1104 2424 1188 2471 τετ-

60 2515 270 2592 ταράκοντα
292 2518 335 2581 δὲ
361 2513 671 2597 πρε(βυτέρου(,
699 2513 757 2579 οὑ(
784 2513 848 2580 ἔδει
875 2517 931 2592 τῆ(
961 2513 1115 2594 νεότητα(
1144 2513 1188 2580 εἰ(

61 2624 189 2704 πόλεμον
211 2626 356 2705 έξιοὺεη(
379 2625 623 2706 έξέρχεεθαι,
649 2625 744 2690 τοὺ(
767 2625 808 2688 δὲ
830 2623 978 2690 ἄλλου(
999 2624 1188 2704 τετταρά-

59 2754 166 2800 κοντα
186 2743 270 2804 τῶν
293 2736 572 2816 πρε(βυτέρων
596 2733 820 2815 ὑπομένοντα(
842 2733 878 2800 έν
900 2741 938 2819 τῇ
960 2734 1054 2800 πόλει
1075 2735 1115 2800 τὰ
1138 2735 1189 2800 έν-

59 2843 106 2908 τιλ(
129 2851 186 2911 τοῦ
212 2846 341 2925 τεάχου(
363 2846 544 2928 φυλάττειν.
587 2843 712 2928 Quippe
739 2844 772 2908 in
801 2850 827 2907 Α
856 2865 927 2907 cum
953 2843 1069 2908 lacuna
1091 2843 1189 2928 scrip

58 2953 116 3016 tum
141 2959 190 3020 est
219 2955 350 3034 ἐποίηεε
376 2957 557 3036 νεωτέρων
580 2953 699 3033 λόχου(
725 2954 783 3020 οὑ(
805 2954 869 3020 ἔδει
890 2958 947 3034 τῆ(
968 2955 1123 3034 νεότητα(
1144 2953 1189 3020 ελ(

58 3063 190 3145 πόλεμον
221 3065 364 3146 ἐξιοὺοη(
391 3065 614 3144 ὑπομένοντα(
640 3067 705 3130 ιιτλ.
749 3062 836 3128 Hinc
865 3063 1026 3148 profectus
1049 3063 1189 3148 interpo-

58 3169 130 3236 lator
157 3175 260 3261 (DP)‚
290 3175 419 3238 insertis
446 3175 532 3238 inter
559 3175 701 3254 έξιούεη(
726 3176 760 3236 et
786 3173 1010 3253 ὑπομένοντα(
1036 3195 1117 3258 quae
1145 3174 1190 3238 ibi

57 3281 144 3347 etiam
159 3284 298 3368 candit,
321 3284 533 3349 miserrimum
547 3285 582 3349 in
597 3284 725 3347 modum
744 3283 852 3348 omnia
874 3283 1038 3367 pervertit.
1070 3283 1190 3348 Verum

58 3395 305 3476 supplementum
325 3395 375 3461 ολ(
388 3395 446 3460 τά(
468 3393 654 3475 ὑπαιθρίου(
676 3393 822 3460 ἀπέδωκε
846 3393 1016 3474 caperetur,
1038 3395 1189 3474 τεπαρά-

57 3522 146 3569 κοντα
173 3509 210 3572 δὲ
232 3507 484 3588 πρεεβυτέρων,
513 3504 595 3589 quod
618 3525 635 3568 e
660 3509 688 3568 B
710 3503 845 3568 accessit
866 3505 938 3585 post
959 3504 1095 3586 λάχου(,
1124 3523 1189 3566 αμα

58 3631 120 3674 eom
141 3613 391 3700 interpolatione
408 3620 433 3680 0
444 3615 593 3697 servavit,
617 3613 680 3678 nisi
703 3613 785 3698 qnod
808 3613 1043 3694 πρε(βιπέρων
1064 3613 1098 3677 in
1113 3633 1188 3692 πρε-

56 3725 236 3803 (βυτέρουε
258 3725 403 3789 mntavit.
431 3761 475 3774 -
506 3723 549 3808 Π,
573 3725 631 3789 65:
668 3723 886 3804 διαιρούμενοί
908 3743 942 3790 τε
965 3728 1036 3808 διχῇ
1059 3723 1099 3787 τὰ
1119 3706 1190 3803 ispo

56 3833 99 3895 καὶ
125 3833 245 3914 τὰμὲν
267 3835 375 3900 αὑτῶν
404 3835 498 3901 κοινά
519 3837 689 3901 ποιοῦντε(
717 3835 767 3898 καὶ
797 3833 962 3911 πολιτικὰ,
994 3835 1034 3898 τὰ
1061 3833 1097 3897 δὲ
1125 3833 1190 3897 καλ

55 3945 216 4018 (mevenni
238 3947 303 4008 κτλ.
346 3941 409 4006 Ρτο
436 3943 487 4006 his
513 3943 619 4007 deleta
645 3946 696 4009 καὶ
723 3942 883 4026 particula
904 3944 944 4008 τὰ
965 3945 1001 4009 δέ
1023 3943 1190 4018 (υΠενικὰ

55 4051 115 4114 BP:
150 4053 208 4116 sed
232 4052 363 4138 egregit
387 4051 605 4116 concinnitate
632 4055 672 4118 τὰ
694 4055 729 4118 δέ
750 4053 831 4118 ἴδια
854 4053 915 4117 καὶ
936 4052 1103 4130 (υπενιιιά
1126 4055 1188 4116 ΒΟ.

53 4196 90 4205 -
111 4160 176 4244 ΠΙ,
202 4163 238 4228 7:
275 4163 350 4230 οὔτε
377 4163 460 4248 μάχῃ
489 4163 651 4242 κρατηθεὶ(
679 4161 739 4241 ὑφ’
763 4161 853 4241 ὑμῶν
881 4161 955 4228 οὔτ’
983 4163 1190 4240 ἐπιειτιτμοὺ(

53 4269 224 4346 streperem
238 4273 443 4353 κωλυόμενο(
467 4272 565 4354 [οὔτ’
579 4271 633 4337 εἰ(
653 4271 776 4350 ἄλλην
797 4271 1190 4356 κατακεκλειεμένο(]

56 4373 204 4462 ἀνάγκην
231 4382 399 4462 οὐδεμίαν.
443 4381 544 4446 Vncis
571 4380 695 4446 inclusa
716 4381 775 4446 soli
797 4381 953 4465 praebent
976 4385 1038 4464 BC,
1062 4379 1191 4468 ἀνάγκῃ
