2954 5134
450 365 498 418 na
520 366 591 416 oso
614 369 659 416 ss
680 369 823 416 caroso.
1144 351 1205 416 591

84 518 300 600 panegyricum
328 519 364 584 in
385 518 587 583 Hadrianum
615 541 681 584 non
708 540 776 583 esse
798 519 861 584 nisi
884 519 934 583 vel
957 521 1128 602 superstite
1150 521 1208 584 im-

83 631 218 710 peratore
249 628 300 692 vel
332 649 435 712 nuper
466 628 593 694 demum
626 629 778 694 defuncto
812 630 1021 713 compositum
1054 652 1105 694 res
1137 631 1208 714 ipsa

82 737 214 800 evincere
235 737 299 802 iam
324 737 475 802 Passovio
497 739 566 802 visa
589 743 648 804 est.
689 737 778 814 Quod
801 760 866 803 non
890 739 1044 822 cogitavit
1065 741 1119 823 qui
1143 762 1207 803 non

81 845 228 910 diversum
249 849 291 912 ab
314 847 468 912 Thebano
490 848 746 912 Alexandrinum
773 849 965 932 magistrum
987 850 1208 932 pronuntiavit

82 955 256 1022 Lambecius
271 958 293 1020 l.
312 979 339 1022 c.
370 957 474 1022 Maior
496 961 603 1022 autem
625 961 705 1022 natu
728 959 805 1023 Orio
826 981 904 1022 num
927 959 961 1022 in
985 959 1208 1023 concinnando

82 1065 266 1150 Anthologio
299 1089 389 1132 suam
421 1068 499 1132 item
535 1091 666 1152 operam
699 1068 879 1152 collocarit,
916 1069 1113 1132 confidenter
1147 1091 1207 1134 nee

83 1197 189 1259 negare
214 1177 291 1241 licet
318 1199 378 1242 nec
408 1178 579 1242 affirmare.
624 1179 823 1262 Quamquam
845 1178 961 1244 Suidac
984 1200 1095 1262 parem
1117 1179 1207 1263 igno-

83 1285 195 1352 rantiae
214 1287 456 1372 neglegentiam
477 1289 532 1372 qui
554 1289 632 1353 satis
654 1291 722 1354 usu⁴
737 1289 899 1374 cognorit,
929 1287 969 1352 ad
997 1287 1207 1352 dubitandum

83 1416 167 1478 quam
187 1397 225 1460 ad
248 1396 442 1462 credendum
467 1397 565 1462 luerit
592 1400 745 1482 paratior.
791 1397 900 1462 Veluti
930 1419 1063 1482 pravam
1096 1420 1207 1464 aaron·

83 1504 146 1568 dem
171 1529 272 1572 rerum
303 1507 523 1590 iterationem,
552 1512 656 1574 ortam
684 1531 755 1573 eam
778 1531 817 1572 ex
838 1508 1003 1572 nominum
1025 1509 1076 1572 vel
1097 1508 1207 1572 simili·
1225 1519 1241 1570 9

83 1613 181 1680 tudine
201 1618 251 1682 vel
273 1618 485 1702 aequalitate,
515 1641 587 1684 cum
608 1618 663 1684 alii
685 1641 780 1702 saepe
803 1618 918 1682 Suidae
946 1619 1070 1702 pridem
1097 1640 1207 1702 expro-

84 1723 205 1808 brarint,
227 1731 297 1791 tum
318 1749 402 1792 novo
424 1729 569 1812 exemplo
584 1728 720 1812 quadam
736 1751 837 1812 nuper
851 1728 1027 1792 declaravit
1047 1729 1207 1792 Gustavus

83 1832 283 1921 Kiesslingius
311 1859 399 1902 meus
428 1837 556 1912 Quaest.
586 1839 687 1903 Attio.
716 1860 802 1922 spec.
832 1861 863 1922 p.
893 1839 945 1903 26.
995 1838 1107 1922 Itaque
1140 1839 1208 1901 sola

83 1949 172 2008 restat
198 1949 345 2014 Ἀττικῶν
373 1950 491 2015 λέξεων
520 1951 698 2028 rovorari.
744 1948 839 2012 Cuius
873 1969 944 2012 cum
971 1970 1012 2013 ne
1040 1949 1208 2012 minimum

82 2054 196 2135 quidem
210 2057 244 2122 in
259 2061 329 2121 tota
350 2057 543 2141 antiquitate
558 2059 730 2142 vestigium
745 2059 892 2142 supersit,
917 2059 1120 2142 consequitur
1141 2079 1207 2122 nou

83 2183 143 2226 esse
157 2165 281 2230 Orionis
297 2167 510 2232 Alexandrini
525 2168 574 2232 vel
598 2167 632 2232 in
654 2173 764 2232 nostra
786 2168 892 2232 studia
915 2168 964 2231 vel
988 2168 1022 2232 in
1038 2167 1205 2232 historiam

82 2273 152 2336 artis
172 2277 401 2359 grammaticae
423 2277 523 2342 ullum
545 2283 752 2342 momentum.
789 2277 873 2342 Nam
896 2299 1024 2361 prorsus
1048 2299 1206 2341 commen-

82 2382 182 2448 ticium
213 2389 277 2470 est,
312 2387 395 2470 quod
430 2387 464 2451 in
492 2393 632 2452 mentem
660 2389 750 2452 venit
782 2387 930 2452 Fabricio
962 2386 1047 2451 Bibl.
1081 2408 1130 2472 gr.
1160 2387 1205 2450 Vl

80 2513 110 2574 p.
134 2494 188 2560 169
209 2519 267 2580 sq,
292 2497 333 2562 ab
348 2496 562 2582 Etymologici
578 2497 622 2562 M.
646 2503 774 2562 auctore
797 2501 982 2582 usurpatam
1004 2497 1093 2560 illam
1116 2517 1207 2562 cuvo-

80 2605 179 2683 γωγήν
200 2627 277 2672 csse.

601 2803 674 2884 aa.

157 2934 206 3000 Ad
228 2935 328 3000 Orum
351 2935 433 3000 alter
454 2937 594 3020 pertinet
616 2959 678 3020 quo
700 2937 831 3002 nitimur
862 2937 963 3018 locus,
993 2935 1046 3020 qui
1070 2940 1118 3000 est
1140 2935 1207 3000 eius

80 3042 158 3106 modi
178 3049 221 3127 ut,
245 3045 538 3130 quemadmodum
558 3047 799 3130 praetermissus
822 3069 949 3110 omnem
971 3047 1207 3110 commentandi

80 3171 199 3234 operam
220 3155 407 3237 frustratu,
436 3157 483 3220 ita
510 3156 643 3220 intentis
665 3157 765 3220 oculis
793 3157 977 3220 oliservatus
1001 3159 1033 3220 et
1055 3157 1207 3220 abstersis

79 3264 161 3342 quasi
197 3264 369 3330 involucris
402 3266 560 3330 revelatus
598 3265 774 3330 clarissima
812 3268 844 3330 iu
878 3265 948 3330 luce
981 3266 1207 3349 disputationis

79 3391 224 3438 summam
252 3375 463 3440 collocaturus
491 3376 543 3438 sit.
589 3375 632 3438 Et
660 3375 914 3440 Alexandrinum
942 3375 1069 3458 quidem
1092 3375 1208 3440 Suidae

80 3481 171 3546 Orum
191 3506 252 3550 nec
273 3485 309 3548 in
329 3485 559 3569 Etymologicis
580 3486 704 3569 graecis
728 3486 819 3548 citari
842 3507 938 3568 supra
960 3483 1026 3548 diri
1049 3507 1108 3549 nec
1131 3485 1237 3554 alibi.

79 3611 202 3674 usquam
233 3595 403 3658 memorari
436 3616 521 3658 nunc
550 3599 659 3658 testor.
706 3595 765 3676 At,
800 3594 920 3678 inquit,
951 3616 1046 3678 saepe
1075 3617 1207 3659 numero

78 3697 155 3766 Orus
176 3709 368 3768 memoratur
390 3704 588 3787 simpliciter,
612 3725 705 3788 quem
720 3704 845 3788 quidem
863 3704 990 3768 credere
1006 3704 1081 3768 licet
1104 3705 1208 3788 ipsum

78 3808 325 3878 Alexandrinum
353 3814 540 3898 significari.
589 3813 703 3878 Liceat
729 3835 804 3878 vero
831 3813 946 3878 rnrdta:
983 3835 1093 3878 verum
1121 3815 1208 3878 enim

78 3939 159 4002 vero,
181 3923 263 3988 istud
287 3925 315 3988 si
337 3924 384 3987 ita
406 3923 448 3986 sit
469 3927 506 3987 ut
527 3923 585 4005 ais,
608 3924 760 4006 quidnam
777 3943 906 3987 caussae
928 3923 1026 3987 fuisse
1049 3928 1206 4008 putemus,

76 4026 213 4095 Milesius
227 4033 359 4096 tandem
375 4033 457 4098 Orus
473 4055 528 4096 eur
550 4034 668 4098 totiens
691 4033 815 4098 adiecto
837 4033 965 4098 nomine
987 4033 1102 4118 gentili
1124 4032 1208 4096 dica-

75 4137 153 4201 tur?
185 4145 221 4206 ut
257 4165 370 4227 parum
404 4142 549 4207 videatur
582 4147 847 4226 consentaneum,
887 4143 987 4207 sicubi
1020 4142 1209 4226 simpliciter

75 4249 271 4316 nominatum
300 4275 361 4318 nec
388 4253 566 4317 accuratius
595 4253 762 4318 definitum
783 4255 883 4320 Orum
910 4251 1121 4336 offendamus,
1157 4275 1208 4317 ex-

75 4357 229 4426 trinsecus
251 4363 357 4446 potius
376 4362 442 4428 eius
457 4363 596 4428 nominis
618 4363 781 4428 notionem
803 4363 944 4448 suppleri
966 4386 1061 4448 quam
1084 4387 1122 4428 ex
1144 4364 1209 4428 illia
