2982 5146
279 369 337 431 148
577 385 825 432 corroraaurvu
850 383 1116 431 ursmmmosrs

276 542 385 618 vocat,
410 541 516 618 potest
531 537 584 598 ille
600 537 701 598 solum
717 538 981 617 φιλολογώτατο(
997 535 1184 598 vocabulum
1199 535 1409 598 transtulisse:

226 668 259 713 :lo
278 647 463 729 praesertim
473 668 543 708 cum
556 645 709 729 philologi
721 667 838 708 nomen
850 645 1070 727 philosophiae
1080 645 1242 708 notionem
1254 667 1320 708 non
1330 667 1410 707 num-

278 780 371 839 quam
389 757 666 838 complecteretur,
691 755 729 817 de
752 777 813 838 (pro
828 755 959 817 Lehrsio
977 754 1097 817 dicteun
1112 777 1143 836 p.
1160 755 1180 817 4
1197 753 1294 840 [aad.
1327 753 1411 818 Prae

277 871 364 928 terea
388 866 425 928 de
449 865 660 928 bibliothecae
677 865 805 927 custode
821 863 1017 928 Callimacho
1033 886 1073 926 ne
1096 867 1274 946 temporum
1295 865 1412 947 quidem

278 976 418 1038 rationes
448 997 505 1037 nos
535 976 645 1037 sinant
673 974 828 1036 dubitare.
874 974 958 1036 Nam
988 974 1047 1036 etsi
1075 973 1151 1036 illud
1174 995 1240 1036 non
1265 973 1413 1035 immerito

279 1085 504 1167 Bernhardyus
539 1107 570 1166 p.
604 1085 665 1146 838
703 1105 749 1165 sq.
788 1083 999 1146 labefactasse
1032 1083 1173 1165 videtur,
1212 1082 1294 1166 quod
1329 1083 1413 1146 Calli·

277 1195 426 1257 machum
455 1198 532 1256 natu
562 1194 712 1255 maiorem
736 1194 837 1254 Arato
865 1193 1061 1254 dixeramus:
1089 1196 1198 1254 tamen
1222 1214 1260 1254 ex
1284 1214 1322 1255 eo
1343 1192 1414 1254 nihil

279 1304 340 1365 uisi
364 1303 424 1365 hoc
441 1324 637 1384 consequens
654 1307 718 1383 est,
743 1301 907 1384 aliquanto
930 1301 1087 1383 posterius
1110 1323 1203 1384 quam
1226 1323 1284 1363 nos
1306 1305 1415 1365 statue

280 1435 385 1475 ramus
421 1414 458 1474 ad
497 1411 709 1498 bibliothecae
747 1411 921 1473 custodiam
955 1410 1202 1473 Eratosthenem
1241 1413 1414 1474 accessisse.

281 1523 415 1605 llcliqua
438 1522 524 1584 enim
548 1525 754 1604 argumenta,
785 1543 801 1582 e
824 1521 937 1603 quibus
959 1525 1137 1603 temporum
1161 1521 1303 1583 rationes
1326 1523 1416 1604 magi·

279 1637 416 1694 stromm
444 1632 571 1693 illamam
599 1630 756 1713 pendent,
791 1635 859 1691 tam
887 1631 971 1692 inter
999 1651 1032 1691 se
1060 1652 1143 1692 nexa
1176 1632 1343 1712 putamuS,
1376 1637 1414 1710 at

278 1763 373 1822 quam
402 1741 455 1801 diu
485 1741 530 1802 cis
563 1761 643 1822 quae
673 1743 799 1801 exstant
833 1739 1025 1801 testimoniis
1060 1739 1137 1800 fides
1161 1760 1224 1800 non
1249 1738 1416 1823 denegetur

280 1851 443 1930 teureriuS,
474 1848 670 1912 Callimacho
702 1870 893 1930 nequeamus
923 1849 961 1910 ad
993 1848 1248 1911 constituendam
1284 1848 1415 1930 praesec-

282 1963 386 2020 torum
411 1959 654 2020 continuitatem
680 1958 841 2020 commode
865 1979 983 2020 carcre.

366 2068 470 2151 Atque
494 2090 565 2129 cum
587 2068 647 2129 hoc
669 2072 736 2130 tum
761 2068 946 2130 certioribus
963 2068 1058 2129 etiam
1082 2067 1280 2150 argumentis
1295 2069 1414 2142 utimur,

282 2183 316 2239 ut
349 2178 402 2240 alii
438 2177 562 2239 cuidam
595 2177 833 2240 ratiocinationi
867 2199 1077 2239 occurramus
1128 2177 1175 2238 De
1209 2176 1415 2239 Eratosthene

281 2288 365 2349 urim
387 2288 433 2349 ita
456 2309 533 2350 sanc
558 2280 698 2350 tharireri
725 2287 953 2369 grammaticus
977 2287 1129 2369 loquitur,
1154 2286 1244 2368 qumi
1268 2287 1309 2348 ad
1332 2286 1414 2349 Calli-

281 2397 428 2460 machum
456 2397 543 2459 nulla
572 2418 721 2478 rrarquam
750 2395 961 2458 bibliothecae
992 2418 1066 2458 cura
1095 2395 1296 2478 pertinuerit.
1341 2394 1413 2458 h'ara

282 2529 352 2569 cum
376 2508 420 2568 ait
446 2507 643 2584 Καλλίμαχος
664 2507 886 2584 ἐπεγράψατο·
923 2507 1134 2583 Ἐρατοεθένει
1157 2507 1192 2568 δὲ
1207 2543 1259 2586 -,
1278 2505 1415 2567 videntur

283 2618 361 2678 lurec
396 2637 472 2676 saure
506 2615 641 2696 qumana
666 2615 758 2677 modo
791 2615 875 2676 int-er
908 2637 940 2676 se
975 2614 1136 2696 opposita,
1172 2614 1217 2675 ita
1240 2614 1363 2696 quidem
1385 2616 1413 2672 ut

284 2900 332 2953 XV
352 2900 493 2952 codicibus
517 2907 558 2968 aff
577 2903 604 2952 et
629 2906 681 2966 diff
700 2901 824 2966 syllabae
848 2901 915 2962 sint,
938 2902 1040 2952 norunt
1058 2899 1105 2964 qui
1123 2899 1219 2952 harum
1239 2915 1329 2951 rerum
1347 2913 1414 2949 usruu

284 2994 396 3045 habent.
434 2993 536 3055 Quodsi
566 2993 620 3044 dici
647 2993 738 3060 potuit
763 3011 779 3044 a
802 2992 934 3044 Cicerone
959 2998 1040 3044 {iiidie
1064 2997 1247 3057 sepedictorum
1268 2996 1377 3056 referta,
1402 3005 1414 3038 a

284 3085 402 3137 Caesare
416 3088 508 3136 ard-em
523 3092 654 3152 presumere
667 3090 832 3137 fanensibus
845 3091 961 3152 sirpeam:
981 3087 1129 3151 prmterca
1141 3086 1234 3136 autem
1247 3084 1275 3134 in
1289 3083 1413 3136 homhrcru

282 3177 350 3228 illud
370 3177 545 3244 participium
565 3178 600 3230 ab
620 3177 717 3229 codem
737 3177 868 3230 Cicerone
893 3178 1048 3240 transferri¹
1073 3194 1133 3227 cum
1155 3181 1268 3228 Xeraeru
1286 3176 1327 3228 ait-
1344 3178 1413 3239 resu-

285 3282 333 3322 tum
354 3275 464 3323 cerealibus
481 3277 600 3336 prueruir‘s
620 3277 740 3338 (Iouisque
756 3274 893 3334 seruatae:
914 3269 977 3334 quid
998 3271 1041 3320 cst
1058 3269 1184 3330 tandem,
1204 3285 1251 3320 cur
1269 3285 1324 3321 nou
1342 3266 1414 3320 ctiam

284 3369 402 3430 differtus
428 3364 510 3414 rebus
539 3361 708 3428 quilmslibet
736 3362 911 3414 Ptolemaeus
940 3362 1046 3413 rat-ioue
1070 3365 1153 3426 atquc
1177 3360 1275 3414 ordine
1304 3361 1415 3413 dic-aliut

287 3461 396 3521 diruptus
414 3462 551 3524 peteresimm
570 3473 623 3506 nun
642 3455 694 3506 hoc
714 3455 805 3521 potius
825 3454 950 3517 dixerim,
971 3471 1053 3519 qrram
1072 3453 1162 3520 ipsum
1180 3453 1415 3520 Berrrhardyauum

284 3549 424 3600 iuventam
443 3553 632 3600 uttentr'ssbuus.
669 3549 771 3599 Contra
795 3552 984 3613 uslei-tissiraam,
1010 3546 1083 3611 quod
1105 3545 1133 3596 in
1152 3545 1284 3612 Purlhcyi
1307 3545 1340 3598 de
1357 3543 1414 3595 llus

284 3641 359 3691 illex.
381 3640 478 3690 librum
498 3657 524 3707 p.
545 3647 592 3692 219
611 3639 723 3706 irrepsit
741 3655 887 3705 <alterarum
907 3639 986 3700 vitio,
1006 3639 1076 3690 adeo
1095 3638 1200 3704 placuit
1218 3637 1372 3700 Dindorfi0,
1392 3640 1414 3683 ul

284 3735 313 3782 et
331 3732 467 3798 reciperet
484 3733 512 3784 ct
531 3733 718 3784 cbvoucauroc
738 3731 871 3783 vocabulo
889 3730 1058 3798 respondero
1077 3730 1194 3782 diceret:
1214 3731 1290 3782 cuius
1308 3726 1414 3783 certain

285 3822 407 3876 (haimari
426 3824 561 3876 arrrecdoto
580 3825 684 3875 rudhuu
699 3823 854 3888 vestigium.
886 3822 964 3885 lluod
985 3841 1046 3874 curu
1064 3829 1142 3874 (natiue
1159 3828 1237 3875 reddi
1250 3844 1302 3889 per
1321 3827 1415 3888 asser·

286 3923 426 3968 tissimus
449 3937 497 3967 aaran
516 3921 656 3968 alaunense
679 3921 710 3967 erl}
734 3921 804 3968 huius
828 3922 963 3983 scriptoris
988 3919 1107 3967 hrrrburic
1124 3915 1164 3966 illi
1182 3914 1306 3967 videtur:
1330 3914 1414 3966 vcllcssl

285 4009 425 4075 equidem,
446 4009 543 4074 quibus
563 4008 675 4060 taudem
695 4009 722 4059 in
741 4008 831 4059 verbis¹
844 4009 899 4060 ista
919 4008 1061 4060 lmrbarics
1081 4011 1251 4072 cerneretur,
1271 4007 1415 4060 Diridorlius

285 4101 431 4154 docuisset.
462 4102 534 4154 Narra
553 4103 574 4152 si
593 4101 628 4153 ab
648 4119 700 4152 euro
720 4101 766 4152 illo
785 4114 913 4153 ussemre(
926 4100 1085 4163 recesseris,
1104 4099 1137 4152 dc
1157 4117 1210 4164 quo
1230 4099 1337 4152 dicetur
1348 4099 1416 4149 mm.

286 4195 371 4244 multo
391 4194 479 4260 magis
498 4193 639 4260 elegantia.
657 4193 794 4258 quaedam
813 4193 920 4244 (licendi
940 4196 967 4244 ot
987 4192 1109 4245 latinitas
1128 4191 1288 4258 interpretis
1307 4189 1415 4244 Plautini

286 4284 410 4337 miranda
434 4290 486 4348 est,
510 4304 592 4352 ‹pram
619 4287 673 4338 ulla
696 4286 829 4338 sermonis
853 4286 976 4351 [auritas
1006 4283 1150 4352 culpanda.
1194 4289 1310 4351 Allectus
1335 4287 1415 4335 rudem

285 4378 358 4428 vocis
377 4377 498 4429 inillam
516 4381 626 4444 partem
645 4378 761 4429 valentis
781 4395 814 4430 rr«)
835 4377 991 4442 Ducuugius
1011 4377 1121 4441 quidem
1141 4376 1268 4442 exerupla
1288 4376 1368 4428 novit.
