2976 5140
435 347 482 396 na
504 347 574 396 ono
598 348 642 395 nr
667 349 809 396 onroun.
1126 335 1187 398 621

78 501 269 562 tractarentur
290 503 324 564 ῑι
346 502 378 561 et
401 502 437 576 ἶ,
460 499 599 584 itemque
621 507 654 570 ὂι
677 505 709 564 et
731 507 754 564 ῦ
777 499 980 586 diphthongi.
1022 499 1103 566 Vide
1125 501 1192 566 Vil-

78 607 175 672 toisoni
195 609 314 672 Auecd.
338 631 387 694 gr.
405 609 437 673 Π
460 633 491 694 p.
517 609 577 674 127
603 607 701 696 [nuuc
724 609 758 675 in
775 609 915 674 Crameri
939 611 1062 676 Anecd.
1087 612 1189 678 Oxon.

76 717 126 780 rol.
146 717 196 806 11].

145 827 283 892 Ceterum
311 852 351 893 ne
380 830 450 914 quis
479 831 561 894 forte
588 830 731 894 animum
758 831 891 896 inducat
918 831 1082 916 iungenda
1112 832 1192 896 haec

75 959 144 1001 esee:
177 939 374 1019 ὀρθογριιφίιι
402 941 474 1018 περὶ
502 941 551 1004 ν91
581 941 744 1024 (quoniam
773 963 830 1024 per
858 940 1014 1006 incuriam
1041 941 1191 1006 iteratum

74 1069 130 1110 esse
149 1049 347 1131 ὀρθογραφία
369 1071 486 1114 nomen
510 1050 623 1134 possit)
654 1053 724 1131 περὶ
752 1055 807 1130 τῆ(
837 1057 868 1116 αι
895 1052 1075 1131 διφθόγγου
1098 1053 1192 1116 κατὰ

73 1157 267 1238 Φρυνίχου,
290 1161 370 1224 κατὰ
392 1163 564 1239 (τοιχεῑον,
592 1159 804 1243 reputandum
827 1160 903 1224 illud
928 1164 987 1242 est,
1010 1183 1070 1224 nee
1093 1161 1192 1246 Phry-

73 1266 194 1332 nichiom
208 1269 245 1333 de
262 1275 295 1335 ῐιῑ
312 1269 513 1354 diphthongo
535 1269 651 1333 librum
669 1270 827 1354 quendam
852 1271 1030 1334 inauditum
1052 1293 1192 1355 unquam

72 1397 142 1458 esee,
169 1401 241 1462 uec,
273 1379 301 1442 si
329 1380 368 1443 de
390 1379 526 1464 singulis
547 1380 654 1462 potius
677 1379 849 1444 Atticistae
871 1381 1050 1464 praeceptis
1075 1381 1192 1466 cogite-

71 1489 114 1547 tur
133 1487 169 1552 ab
183 1489 244 1552 Oro
270 1489 478 1576 impugnatis,
503 1489 614 1553 horum
630 1493 757 1554 tantum
780 1513 871 1574 posse
893 1513 1058 1555 numerum
1081 1492 1190 1572 suinae,

71 1617 137 1677 quae
157 1601 321 1664 materiam
344 1601 471 1684 integro
487 1600 568 1664 libro
586 1600 815 1664 conscribendo
831 1601 1032 1684 praeberent,
1048 1623 1191 1684 praeser-

71 1705 118 1770 tim
138 1711 210 1774 κατὰ
231 1713 389 1788 (τοιχεῑον
413 1709 577 1794 disposito.
614 1709 708 1774 Nunc
725 1711 862 1794 quidem,
886 1715 1041 1794 quantum
1057 1733 1191 1775 commc-

69 1815 143 1898 mini,
159 1819 221 1884 eius
236 1819 324 1884 modi
340 1819 421 1883 nihil
436 1819 471 1883 in
487 1820 698 1904 Phrynichcia
715 1824 820 1884 exstat
835 1825 963 1904 praeter
979 1822 1142 1886 Ἀλκαῑκόν
1159 1825 1191 1885 ct

68 1926 221 1996 Ἀλκαιικόν
244 1930 438 2013 scripturam
461 1953 492 2013 p.
509 1930 551 1994 39
574 1931 650 1994 bob.
672 1969 715 1980 -
737 1929 836 2004 Quem
859 1931 1049 1994 admodum
1072 1935 1189 2014 autem,

67 2037 109 2116 qui
124 2037 233 2104 Suidac
249 2040 493 2116 ἀνθολόγιον
517 2043 604 2121 περὶ
625 2044 792 2120 γνωμῶν
815 2063 872 2124 per
887 2063 1026 2108 errorem
1042 2041 1075 2104 in
1092 2042 1190 2106 Orum

67 2147 241 2214 translatum
273 2151 314 2214 ab
337 2150 456 2214 Orione
486 2151 640 2232 coniciet,
670 2150 755 2214 haud
784 2173 861 2214 sane
891 2151 1109 2234 displiciturus
1137 2153 1189 2232 sit,

68 2253 114 2338 ita,
136 2259 214 2342 quod
239 2259 355 2326 Orioni
378 2260 598 2324 Alexandrino
626 2261 708 2324 idem
733 2259 846 2324 Suidaa
874 2261 987 2324 tribuit
1010 2263 1189 2326 Ἀττικῶν

65 2367 193 2436 λέξεων
222 2373 474 2452 ευναγινγήν,
504 2393 584 2454 quae
613 2393 653 2436 ne
682 2370 870 2434 tenuissimo
898 2370 1024 2454 quidem
1053 2370 1190 2454 vestigio

64 2474 175 2542 aliunde
197 2480 388 2562 innotuerit,
412 2480 444 2542 id
467 2503 532 2544 non
556 2481 663 2564 inepte
686 2481 732 2544 sic
754 2481 982 2564 interpretare,
1011 2484 1047 2544 ut
1070 2480 1109 2544 ad
1132 2481 1190 2545 Ori

63 2587 153 2664 potius
168 2589 286 2654 librum
302 2591 452 2654 adversus
468 2590 686 2674 Phrynichum
702 2590 857 2674 scriptum
871 2591 1042 2675 pertineat.
1074 2589 1189 2666 Quam·

62 2715 142 2778 quam
162 2699 241 2765 baec
267 2723 307 2765 ex
329 2701 375 2764 eis
399 2701 589 2764 coniecturis
613 2707 679 2784 est,
703 2701 817 2785 quibua
841 2705 971 2784 propter
992 2701 1188 2764 testimonio-

62 2825 119 2870 rum
138 2812 308 2891 penuriam
332 2833 398 2874 non
420 2811 524 2895 magis
548 2811 663 2874 confidi
686 2811 787 2894 possit
809 2832 903 2894 quam
926 2811 1110 2896 repugnari.

132 2918 319 2986 Transimus
348 2921 387 2984 ad
415 2921 557 2988 ἐθνικά.
602 2919 629 2984 Ε
658 2921 771 3004 quibus
799 2920 986 3004 simpliciter
1013 2921 1188 2985 nominatis

61 3023 120 3106 ipsa
140 3030 194 3094 Ori
217 3031 318 3096 verba
341 3031 383 3094 ab
405 3030 568 3114 Stephano
591 3029 749 3114 Byzantio
776 3031 952 3094 affcrrmtur
979 3054 1010 3115 p.
1036 3031 1107 3113 169,
1133 3033 1187 3096 15:

60 3134 145 3216 Ὠροε
165 3143 202 3209 ἐν
225 3145 295 3208 rote
325 3141 460 3208 ἐθνικοῐε
488 3147 562 3226 τῇδε
589 3143 722 3222 γράφει,
751 3141 898 3224 primus
921 3145 1027 3206 autem
1050 3141 1131 3205 liber
1153 3141 1187 3205 in

60 3247 184 3328 epitoma
207 3251 329 3315 citatur
351 3235 472 3334 p5315,
490 3251 510 3314 2
531 3251 570 3316 de
594 3251 749 3330 Νικιώτη(
771 3251 887 3334 forma,
912 3252 1013 3314 alter
1035 3252 1074 3315 de
1096 3253 1187 3317 Ταυί-
1207 3263 1238 3310 3ῖ

59 3377 104 3434 τη(
125 3359 240 3426 ibidem
273 3384 305 3445 p.
329 3361 401 3444 405,
428 3361 477 3426 12.
523 3361 641 3436 Quodsi
667 3383 871 3424 numerorum
899 3362 1080 3425 notationes
1110 3363 1187 3427 ἐθνι·

58 3470 114 3534 κῶν
135 3469 164 3536 α’
186 3476 219 3536 et
242 3473 280 3537 ἐν
304 3467 330 3552 β’
357 3473 429 3551 περὶ
456 3473 591 3537 ἐθνικῶν
619 3471 741 3535 nullam
769 3471 936 3534 subierunt
964 3471 1184 3556 corruptelam,

58 3581 105 3640 aut
126 3579 202 3645 dnos
225 3585 356 3646 tantum
371 3580 453 3644 haud
471 3581 596 3666 vulgari
612 3581 821 3664 amplitudine
836 3581 934 3644 libros
949 3581 1058 3647 ἐθνικά
1080 3581 1186 3644 viden-

56 3690 101 3749 tur
122 3692 288 3774 complexa
312 3713 396 3774 esse,
426 3714 558 3776 quorum
586 3693 627 3756 ab
648 3695 674 3757 Α
696 3691 736 3755 ad
760 3693 784 3756 Ν
808 3691 950 3755 litteram
977 3692 1064 3774 prior
1090 3691 1186 3774 perti-

57 3803 152 3881 neret,
181 3803 322 3886 reliquas
351 3801 632 3886 comprehenderet
660 3802 834 3885 posterior,
870 3805 926 3865 aut
957 3802 1093 3866 fortasse
1122 3824 1185 3865 ιιοιι

56 3911 263 3991 sequebantur
289 3913 468 3976 litterarum
495 3911 654 3996 ordinem,
690 3913 744 3976 sed
773 3933 927 3997 generum
952 3913 1186 3996 formarinnque

56 4013 236 4086 differentiis
260 4022 414 4106 disposita
437 4025 530 4086 erant
552 4045 611 4086 nee
634 4024 668 4087 in
690 4022 784 4086 lexici
807 4022 912 4106 potius
934 4045 1029 4107 quam
1051 4021 1086 4084 in
1108 4022 1186 4085 ertia

55 4130 185 4208 speeiem
214 4132 356 4196 redacta.
397 4133 544 4198 Ceterum
572 4133 604 4196 in
635 4132 743 4217 Etym.
767 4133 812 4196 M.
836 4156 866 4217 p.
894 4133 969 4214 160,
994 4133 1014 4194 9
1046 4132 1186 4196 scriben-

54 4233 118 4302 dum
142 4262 211 4304 esse
234 4241 334 4322 Ὦρος
356 4245 427 4323 περὶ
455 4243 589 4310 ἐθνικῶν
617 4265 674 4326 pro
697 4266 734 4306 eo
756 4243 840 4326 quod
867 4247 915 4306 est
938 4242 1068 4324 Ὠρίων,
1092 4264 1186 4326 quern

54 4345 88 4408 ud
115 4351 245 4415 modum
273 4375 303 4436 p.
327 4353 406 4438 276,
436 4353 478 4418 34
504 4375 638 4417 vacuum
667 4375 773 4418 errore
801 4352 921 4418 mansit
948 4351 1047 4434 Ὠροε
1074 4354 1111 4421 ἐν
1139 4360 1185 4442 τῷ
