3052 5136
291 407 297 431 ι
407 389 553 439 scaenis
577 389 725 437 (κύντατα
750 388 931 438 urrsrvaa.
1183 370 1244 434 765

95 545 204 608 video.
248 544 330 619 Quid
364 544 451 607 enim
484 544 589 607 rufam
622 544 756 607 barbam
787 544 823 607 in
859 546 968 606 statua
1005 540 1243 604 commemorari

97 653 288 718 attinebat?
310 653 412 717 Immo
440 654 652 738 intelligenda
680 658 729 717 est
750 674 904 737 persona,
933 673 1029 736 quarn
1050 650 1162 714 Pollux
1185 650 1278 744 Nl

98 765 166 827 142
187 765 330 844 (άτυρον
353 765 501 841 ἀγένειον
523 768 671 828 vocatam
693 763 790 846 dicit,
819 763 855 827 in
880 783 977 846 quam
999 761 1143 845 apprime
1165 760 1242 823 illud

94 896 116 936 a
149 874 282 938 iuvenili
310 874 447 937 lascivia.
469 872 600 937 ductum'
628 895 746 938 nomen
774 875 896 953 εκίρτο(
924 872 1070 956 quadrat.
1114 871 1243 950 Πυρῤὸε

96 985 187 1047 enim
202 984 330 1066 dicitur,
355 985 406 1048 cui
429 985 533 1068 prima
548 985 669 1068 lanugo
692 985 817 1048 crescit.
841 982 923 1047 Vide
937 981 1187 1045 Valckenarium
1203 980 1243 1043 ad

94 1094 235 1158 Theocr.
264 1092 385 1158 Adon(
406 1118 437 1177 p.
467 1096 541 1158 409.
590 1094 638 1158 De
672 1094 801 1178 reliquis
829 1091 1071 1177 epigrammatis
1102 1092 1243 1155 versibus

96 1205 183 1268 idem
206 1205 285 1268 mihi
308 1205 342 1268 in
364 1205 429 1268 tuis
452 1204 643 1268 coniecturis
665 1204 799 1286 accidit,
828 1202 912 1287 quod
934 1202 994 1266 tibi
1017 1202 1051 1265 in
1074 1202 1169 1265 meis:
1196 1201 1242 1265 ni-

96 1314 146 1377 hil
169 1318 274 1397 muto,
298 1314 370 1396 sed,
393 1319 430 1378 nt
452 1315 606 1397 arbitror,
636 1299 860 1378 iuremcliori.
905 1312 989 1376 Nam
1018 1316 1051 1376 et
1078 1312 1243 1396 aliquanto

96 1425 268 1508 pauciora,
293 1429 327 1489 et
348 1425 487 1507 leniora,
516 1429 549 1488 et
576 1424 610 1488 in
633 1424 748 1508 quibus
771 1422 851 1487 nihil
875 1422 1033 1504 offendas,
1058 1444 1077 1485 a
1099 1445 1150 1486 me
1172 1445 1243 1506 pro-

97 1536 205 1616 posita
228 1539 314 1598 sunt.
352 1534 425 1618 lpse
447 1534 567 1599 videas.
597 1536 737 1612 Ἠγογεν
760 1535 803 1598 εἰ(
825 1534 948 1613 μνήμην
971 1553 1069 1615 quare
1091 1537 1242 1614 mutetur,

96 1644 189 1708 nulla
213 1666 326 1708 caussa
354 1650 412 1726 cst,
448 1649 480 1708 et
508 1645 576 1728 ipse
604 1647 678 1708 tuae
692 1645 909 1709 ‘coniecturae
940 1642 1086 1706 diffidere
1114 1642 1240 1705 videris.

97 1753 188 1818 ldem
210 1754 364 1818 fateberis
387 1754 425 1818 de
447 1755 607 1839 particula
629 1756 674 1819 τέ.
719 1753 801 1817 Tum
828 1752 911 1837 quod
929 1737 975 1815 ¹tu
999 1752 1137 1836 reponis,
1171 1753 1242 1818 εὔα-

96 1870 154 1930 δεν
177 1866 298 1944 ἡρώων
320 1866 422 1930 τύποε
445 1866 506 1945 ούχ
529 1866 587 1944 ἑνί,
609 1866 659 1929 vel
675 1867 845 1948 propterea
860 1863 1054 1926 dubitationi
1069 1863 1241 1927 obnoxium

98 1978 162 2057 est,
192 1976 269 2058 quia
296 1996 349 2053 μοι
378 1978 541 2038 extrusum
569 1978 632 2056 est3
661 1974 764 2057 magis
792 1977 898 2035 autern
928 1957 1059 2056 pr'opter
1090 1975 1151 2052 οὐχ
1184 1974 1241 2039 ἑνί.

96 2083 184 2148 Nam
214 2086 251 2148 ut
278 2086 339 2148 hoc
367 2088 486 2167 toturn,
515 2084 633 2168 populo
660 2084 817 2167 placuisse
846 2081 985 2146 Sosithei
1013 2082 1155 2166 fabulas,
1190 2084 1243 2147 hic

98 2199 174 2276 apte
198 2199 478 2277 commemoretur,
503 2195 585 2278 quod
602 2194 748 2278 equidem
762 2214 863 2277 nego,
887 2192 973 2277 quis,
993 2193 1134 2273 obsecro,
1158 2194 1242 2277 quod

97 2304 290 2387 simpliciter
312 2305 499 2388 infinitaque
521 2306 615 2371 εὔαδε
638 2303 804 2367 dicendum
832 2307 918 2383 erat,
948 2303 1030 2365 male
1058 2307 1164 2366 antem
1192 2304 1242 2367 vel

97 2413 210 2477 addito
238 2417 313 2480 ττᾶτι
341 2412 515 2497 diceretur,
550 2414 582 2477 id
615 2414 713 2478 ctiam
745 2415 805 2492 ούχ
838 2414 885 2479 ἑνὶ
914 2413 1008 2478 εὔαδε
1035 2412 1138 2495 dicat,
1181 2435 1243 2496 quo

98 2544 149 2586 me
180 2522 287 2587 iudice
315 2524 396 2587 nihil
431 2525 535 2607 potuit
565 2523 714 2608 frigidius
747 2523 895 2587 inveniri.
947 2524 1067 2586 Contra
1100 2522 1174 2605 quid
1207 2523 1241 2586 in

98 2632 158 2696 hoc
192 2634 464 2717 reprehendatur,
498 2635 593 2700 εύαδέ
631 2655 685 2713 μοι
716 2635 842 2714 θύρεων
874 2633 975 2698 τύποε
1002 2635 1038 2698 ἐν
1066 2634 1149 2714 χερί,
1176 2654 1243 2696 non

99 2742 203 2807 rideo.

182 2853 222 2917 P.
247 2855 277 2919 7.
301 2854 389 2929 Quae
411 2855 451 2917 de
474 2854 683 2936 Alexandria,
706 2853 847 2937 Ephesio
870 2858 903 2918 et
925 2855 1050 2936 Aetolo,
1074 2854 1164 2937 dicis,
1183 2853 1241 2935 sic,

100 2966 135 3024 ut
163 2963 262 3045 dicis,
291 2964 523 3047 quodammodo
557 2965 642 3028 inter
668 2987 702 3027 se
729 2968 888 3048 pugnant.
932 2964 1021 3039 Quae
1053 2964 1093 3027 de
1126 2965 1242 3028 Aetolo

100 3074 211 3156 affers,
234 3073 302 3136 veri
324 3074 427 3138 simile
449 3075 589 3157 faciunt,
614 3095 671 3158 pro
694 3073 834 3158 Ephesio
857 3096 930 3138 cum
952 3074 1151 3138 nominatum
1174 3096 1241 3137 csse

100 3182 214 3265 iniis,
239 3184 293 3267 qui
317 3185 351 3247 in
373 3186 511 3249 Aratum
533 3184 741 3268 scripserunt.

183 3291 224 3356 P.
251 3294 299 3356 11.
337 3292 439 3358 Valde
462 3296 577 3379 probo,
602 3317 683 3379 quac
705 3295 878 3379 diligenter
893 3300 1104 3379 accurateque
1126 3295 1166 3365 de
1189 3317 1240 3360 νο-

100 3403 214 3466 cabulo
236 3404 352 3482 κόεμοε
379 3405 508 3488 scribis,
536 3405 592 3469 sed
620 3405 821 3470 Parmenidis
853 3406 958 3469 locum
993 3406 1145 3469 audacius
1172 3410 1241 3470 ten-

100 3513 193 3596 tasti,
221 3533 324 3597 neque
351 3515 460 3578 omisit
488 3515 726 3598 Fsrllebomius,
760 3515 843 3599 quod
875 3538 947 3579 eum
979 3516 1059 3580 dicis
1086 3517 1240 3581 omisisse.

100 3620 182 3696 Quid
205 3626 313 3688 autem
336 3624 408 3707 illa,
432 3625 513 3706 ἀτὰρ
535 3628 662 3693 κάκεῖνο
685 3628 757 3691 κατ’
779 3626 883 3690 αύτύῖ
918 3625 1000 3690 Puto
1027 3630 1059 3690 te
1080 3626 1177 3711 haec,
1206 3630 1242 3691 ut

101 3752 157 3813 par
181 3736 268 3816 erat,
293 3755 364 3798 cum
387 3737 592 3819 sequentibus
621 3736 777 3818 iunxisse,
807 3735 890 3820 quod
917 3740 1027 3801 tamen
1055 3737 1160 3801 dicere
1188 3738 1240 3801 de

100 3841 215 3906 bebas:
239 3842 333 3907 aliter
355 3845 440 3909 enim
463 3846 612 3929 mirarer,
636 3846 718 3930 quod
741 3867 806 3910 non
829 3846 1009 3931 scripsisses
1032 3848 1123 3913 ἀντία
1145 3850 1178 3913 δ’
1200 3847 1240 3912 αύ

100 3955 215 4019 vverde
237 3956 372 4022 πυκινὸν
393 3958 504 4035 δέματ;
532 3956 587 4019 sed
614 3979 711 4041 quum
734 3957 800 4020 sint
826 3957 1005 4041 iungenda,
1034 3957 1135 4021 multo
1162 3957 1240 4021 faci-

101 4060 158 4127 lior
183 4063 364 4128 emendatio
386 4066 421 4129 in
443 4070 593 4150 promptu
615 4070 699 4130 erat:

611 4288 693 4371 ἀτὰρ
714 4287 842 4356 κάκεῖνο
864 4292 937 4355 κατ’
958 4290 1038 4357 αύτὸ

252 4397 344 4465 ἀντία
366 4402 464 4466 νύκτα
487 4404 549 4466 διαὶ
571 4403 706 4468 πυκινὸν
729 4403 824 4481 aena<
847 4402 988 4481 ἐμβριθές
1011 4424 1052 4468 τε.
