2990 5140
308 332 370 394 232
658 343 815 390 'raumara
837 341 1098 389 rnonaaonnna

392 499 504 581 ltaque
534 519 604 562 cmn
633 497 717 560 haud
744 495 944 558 mediocriter
972 493 1169 578 infringatur
1194 493 1326 556 Tzetzac
1352 493 1429 572 fides,

310 609 497 694 praesertim
531 630 601 671 cum
634 607 673 670 de
702 606 863 669 Demetrio
890 604 1044 668 Phalereo
1073 625 1138 666 non
1169 603 1274 666 minus
1301 607 1431 685 tempora

311 720 442 783 confusa
464 718 626 781 videamus
644 717 728 800 (vide
744 715 954 779 Ritschelium
976 714 1014 776 de
1030 713 1128 777 schol.
1146 713 1251 776 Plaut.
1268 735 1299 796 p.
1318 713 1377 794 13),
1399 714 1431 774 ab

310 830 359 892 his
382 832 490 892 tamen
513 827 740 910 distinguenda
764 830 838 889 sunt
860 849 913 914 ea,
942 846 1022 908 quae
1045 824 1250 907 antiquioris,
1279 843 1368 906 quem
1389 824 1432 885 ille

243 953 292 1000 252
311 944 436 1003 secutus
459 943 523 1021 est,
553 937 716 1020 scriptoris
739 937 930 999 auctoritato
952 936 1109 998 nituntur.
1154 933 1216 996 Hic
1237 933 1337 1017 igitur
1358 933 1431 996 dnbi-

310 1050 373 1113 tari
401 1050 511 1131 nequit
538 1048 615 1131 quin
644 1052 675 1109 et
703 1046 937 1109 adolescentem
965 1046 1062 1108 l'uisse
1086 1043 1317 1109 Callimachum
1342 1043 1433 1106 Phila-

311 1159 426 1242 delpho
442 1162 600 1242 regnante
615 1157 779 1239 scripserit
794 1159 826 1219 et
842 1156 1110 1218 bibliothecae
1127 1175 1208 1217 cum
1222 1154 1433 1236 praefuisse

311 1268 540 1332 nesciverit.
587 1267 671 1330 Nam
695 1289 765 1330 cum
788 1266 906 1349 aliquid
929 1269 1037 1328 tamen
1061 1266 1101 1328 ab
1117 1286 1154 1328 eo
1175 1264 1330 1346 seriptum
1352 1265 1434 1326 hrisse

312 1400 440 1441 necesse
463 1379 521 1459 sit,
545 1378 627 1444 unde
650 1378 765 1440 mirum
786 1377 864 1439 illud
881 1377 1042 1442 veuvtcaoc
1064 1377 1111 1440 ὢν
1131 1379 1186 1452 τῆ(
1208 1374 1308 1452 αὐλῆς
1324 1373 1434 1436 efficere

312 1489 451 1572 potuerit
478 1488 610 1568 Tretza,
639 1491 708 1549 trun
735 1509 793 1549 nee
822 1487 904 1572 ipse,
933 1486 960 1548 si
987 1485 1026 1547 de
1049 1484 1260 1547 bibliothecae
1288 1484 1435 1567 praefecto

313 1599 480 1681 quicquam
510 1601 705 1680 compertum
739 1597 918 1677 habuisset,
952 1597 985 1658 in
1020 1595 1078 1657 tali
1107 1593 1233 1677 quidem
1262 1609 1435 1678 argumento

312 1709 479 1790 tacuisset,
514 1730 574 1771 nec
606 1708 632 1769 si
667 1707 814 1788 dixisset,
850 1707 880 1768 id
910 1707 1056 1768 omittere
1084 1707 1116 1767 et
1148 1704 1182 1766 in
1211 1704 1275 1768 alia
1304 1705 1434 1767 aberrare

314 1821 440 1898 poterat
462 1818 587 1880 'lactea
634 1817 723 1880 Nihil
747 1823 853 1879 antem
876 1817 973 1879 refert
1001 1815 1039 1878 de
1068 1814 1123 1878 illo
1151 1813 1435 1877 adolescentule

314 1926 459 2008 aulico,
495 1950 586 2010 quern
621 1927 934 1990 bibliothecario
962 1925 1166 1989 substitutum
1202 1946 1270 1988 esse
1299 1925 1434 1988 videmus.

314 2058 474 2118 quaerere.
514 2037 597 2100 Nam
613 2043 648 2099 ut
670 2038 788 2099 latinns
805 2036 1033 2120 granmraticus
1049 2055 1123 2098 suae
1141 2035 1257 2097 aetatis
1279 2055 1358 2116 rem,
1380 2054 1435 2096 erun

315 2147 355 2208 ab
378 2146 423 2208 eis
446 2169 526 2228 quae
549 2153 721 2212 narrantur
744 2169 809 2210 non
833 2147 938 2209 aliena
967 2168 1034 2208 esse
1062 2145 1237 2226 videretur,
1270 2150 1380 2228 suopte
1399 2165 1434 2204 ar-

315 2256 409 2320 bitrio
432 2257 557 2338 intulit,
582 2257 628 2319 ita
644 2257 685 2319 ab
708 2257 777 2339 ipso
792 2257 909 2320 'l'zetza
931 2256 1052 2319 factum
1071 2276 1138 2318 esse
1161 2257 1255 2337 pute,
1279 2261 1316 2318 ut
1333 2253 1435 2337 Byzan-

314 2365 375 2429 tini
402 2367 526 2449 imperii
549 2389 669 2430 morem
692 2372 724 2428 et
751 2389 869 2429 nornen
895 2366 935 2428 ad
964 2388 1001 2429 ea
1028 2387 1109 2448 equae
1137 2364 1176 2427 de
1199 2364 1434 2428 Ptolemaeorm

315 2476 465 2540 memoria
481 2477 601 2559 scripta
617 2477 740 2539 invenit
755 2478 955 2541 transferret.
1002 2474 1086 2538 Nam
1103 2476 1206 2557 ipsimi
1222 2473 1434 2538 Callimachus

315 2586 372 2648 tali
390 2586 508 2648 honere
524 2586 668 2648 t'mrctmn
685 2608 767 2668 esse,
793 2588 917 2649 etiarnsi
933 2587 1000 2648 eius
1016 2589 1121 2648 aetate
1137 2584 1296 2666 extiterit,
1321 2585 1435 2647 Tzetzae

316 2694 441 2777 quidem
464 2695 646 2759 testimonio
670 2718 734 2759 non
756 2697 851 2759 facile
875 2696 977 2758 credo,
1023 2694 1085 2759 Sed
1108 2716 1178 2758 crm1
1200 2694 1280 2757 illud
1306 2694 1434 2777 primia

315 2805 439 2887 antiqui
468 2806 605 2868 auctoris
634 2807 671 2868 de
701 2806 911 2868 bibliothecae
940 2805 1141 2887 praefectura
1168 2804 1333 2867 silentium
1359 2805 1435 2866 etiae

315 2914 424 2978 diserti
440 2917 616 2978 testimonii
632 2916 768 2999 quodam
783 2916 875 2978 modo
896 2916 961 2978 vim
983 2915 1043 2978 hoc
1066 2915 1135 2977 loco
1156 2914 1290 2994 habeat,
1316 2913 1436 2997 sequitur

315 3024 376 3087 hoc
404 3047 534 3105 munus,
564 3026 644 3108 cpmd
669 3026 809 3088 Plautini
838 3026 949 3088 scholii
978 3025 1167 3087 arictoritate
1194 3023 1385 3087 Ritschelius
1409 3020 1436 3082 de

316 3133 414 3197 schol.
439 3134 543 3198 Plaut.
569 3159 598 3218 p.
628 3136 664 3198 le
687 3141 719 3198 et
742 3136 855 3200 Coroll.
882 3147 912 3217 p.
936 3137 992 3216 29,
1022 3135 1068 3197 rei
1096 3133 1325 3216 probabilitate
1353 3137 1436 3196 motus

316 3329 436 3397 gendrmr
449 3329 568 3393 ridetur,
587 3331 765 3383 Polemonem
784 3333 842 3380 tam
861 3329 962 3381 aeriter
975 3328 1188 3381 Eratosthenem
1207 3328 1241 3380 de
1260 3329 1344 3381 rebus
1358 3323 1436 3380 atad.-

315 3422 504 3491 disputantern
525 3424 689 3490 castigasse,
710 3424 739 3473 ut
757 3438 819 3474 enm
832 3439 866 3474 ne
879 3421 980 3475 vidisse
999 3421 1110 3488 quidem
1124 3420 1248 3474 Athenas
1263 3421 1436 3476 contenderet:

316 3518 349 3569 et'.
363 3517 466 3570 Preller
479 3517 582 3572 Polern.
603 3517 701 3583 fragm.
716 3533 742 3582 p.
756 3520 796 3567 86.
828 3513 918 3578 Quare
936 3513 1081 3582 probabile
1100 3514 1205 3582 potius.
1225 3531 1288 3566 eum
1307 3517 1373 3576 tum,
1391 3529 1435 3563 cun

317 3610 438 3662 Aristoni
462 3610 528 3663 Chio
556 3609 720 3678 philosopho
746 3607 860 3661 Athenis
885 3625 998 3676 operam
1022 3607 1114 3670 decret,
1145 3624 1161 3659 a
1185 3607 1271 3660 tertio
1294 3608 1436 3661 Ptorenna·

316 3701 479 3755 arcessitum
498 3721 566 3756 esse.
605 3700 671 3754 Cum
691 3702 789 3768 quibus
813 3701 836 3752 si
860 3701 919 3766 quis
942 3700 983 3753 ita
1002 3701 1118 3753 Tzetzae
1140 3700 1331 3755 narra-tionem
1349 3697 1435 3753 concio—

317 3813 382 3847 narc
402 3796 479 3860 velit,
502 3800 532 3849 ut
550 3796 764 3849 Eratosthenem
783 3812 897 3863 puerum
917 3793 1111 3846 Alexandriam
1130 3793 1251 3859 venisse,
1274 3793 1372 3847 deiude
1388 3807 1435 3856 see

317 3889 512 3956 graphicorum
532 3889 790 3943 coriscribe11‹.lorrrrrr
811 3905 893 3940 causa
912 3886 1057 3940 Graeciam
1075 3903 1254 3955 peragrasse,
1273 3886 1321 3940 illo
1339 3887 1429 3939 atsenu

316 3982 487 4035 Zenodotunr
501 3981 683 4035 bibliothecae
697 3983 868 4049 praetectum
882 3997 954 4043 esse,
972 3980 1024 4033 hoc
1037 3983 1130 4032 antem
1143 3983 1253 4033 mortuo
1266 3978 1343 4031 illum
1355 3979 1434 4030 iterur!

316 4075 406 4127 loemn
425 4094 504 4128 aurun
517 4093 665 4143 occupasse
684 4075 772 4138 client,
792 4073 886 4127 obstat
903 4077 999 4126 tamen
1017 4075 1095 4126 aetas
1108 4071 1314 4126 Eratosthenis:
1335 4071 1379 4138 qni
1390 4083 1434 4120 eru-

317 4171 388 4219 testc
403 4167 486 4221 Snida
499 4169 533 4220 01.
550 4174 596 4220 126
614 4172 694 4220 matus
715 4167 762 4232 ait,
782 4185 898 4233 quoerun
913 4165 1086 4218 eorrsentiunt
1105 4165 1212 4231 reliqua
1230 4165 1264 4218 de
1285 4164 1343 4218 eius
1361 4164 1434 4216 aetate

316 4259 477 4313 testimonia
490 4279 506 4313 a
519 4261 698 4327 Bernhardyo
712 4280 737 4328 p.
753 4261 789 4313 xl
802 4262 969 4329 composita,
987 4259 1086 4327 puerili
1105 4261 1198 4312 arctate
1217 4258 1252 4310 ad
1270 4258 1337 4310 illud
1357 4270 1433 4309 muru:

318 4352 488 4406 accessisset.
