2952 5132
167 367 211 415 DE
229 365 357 416 comen
373 367 550 416 venisses
566 329 724 418 ulourslr
737 368 1090 418 nanlcsuussssusrs.
1134 353 1195 418 517

80 529 160 586 ccccc
179 525 327 586 idoneam.
372 517 473 596 Quem
495 519 522 584 si
545 519 624 584 edeo
645 525 809 604 praestare
823 521 959 604 putavit,
982 524 1019 586 ut
1035 543 1113 604 pree
1129 521 1197 586 eius

80 629 245 694 excellentia
274 627 383 694 carere
410 628 569 694 Vrbinate
597 651 776 714 possemus,
812 629 943 696 calidius
970 651 1065 714 quam
1091 631 1197 696 verius

80 739 167 804 sensit.
197 739 373 823 Aliquanto
396 739 519 804 cautius
542 738 685 804 Sinteuis
708 740 913 823 comprobate
935 761 973 804 eo
991 740 1117 824 iudicio,
1135 762 1197 826 quo

79 849 267 930 promiscuam
291 869 360 914 esse
383 847 527 914 Obisiani
548 848 778 934 Vrbinetisque
800 849 951 914 virtutem
973 849 1132 932 dixeram,
1163 849 1197 914 in

79 977 108 1020 eo
125 960 223 1024 tamen
252 979 286 1024 se
313 958 483 1024 dissentire
511 959 724 1044 significavit,
758 961 841 1043 quod
869 959 975 1042 paullo
1002 960 1074 1042 plus
1101 980 1197 1042 quam

79 1065 233 1132 debuissem
259 1067 412 1134 Vrbinati
438 1068 638 1150 tribuissem,
672 1068 881 1133 detraxissem
909 1067 1078 1134 Ohisisno:
1110 1067 1197 1134 hunc

78 1177 145 1240 enim
170 1199 233 1242 non
261 1181 390 1244 tentum
417 1178 452 1242 in
473 1177 609 1262 singulis
632 1177 820 1262 diligentius
847 1177 1002 1260 scriptum
1027 1199 1112 1262 esse,
1141 1178 1196 1242 sed

79 1285 158 1350 etiam
178 1288 219 1352 ab
241 1287 287 1352 eis
308 1285 610 1372 interpolationibus
632 1286 783 1368 liberum,
807 1287 921 1370 quibus
940 1285 1130 1352 Vrbinstem
1151 1289 1196 1352 la·

78 1395 170 1462 borare
196 1399 282 1462 recte
309 1397 378 1480 ipse
406 1395 566 1460 dixissem.
617 1395 700 1460 Vere
723 1396 777 1460 ille
799 1397 926 1482 quidem
953 1399 1135 1482 utrumque:
1164 1401 1197 1462 et

77 1507 165 1570 temen
187 1506 224 1572 de
239 1505 398 1571 Vrbinate
420 1505 520 1570 multo
542 1527 637 1590 quam
660 1527 794 1588 aequum
816 1505 879 1570 fuit
902 1508 1125 1591 contemptius.
1157 1507 1196 1572 lu

76 1635 123 1696 quo
149 1615 266 1680 curiose
295 1614 483 1680 excutiendo
506 1617 539 1678 et
560 1615 709 1699 religiose
737 1615 951 1680 examinando
978 1639 1040 1700 quo
1068 1616 1229 1700 longiusc

76 1744 122 1807 ego
143 1729 173 1790 et
193 1729 372 1809 assumptus
399 1723 435 1788 in
462 1725 567 1808 operis
595 1724 780 1788 societatem
815 1723 983 1790 Iacobus
1021 1723 1196 1808 Bernays

75 1853 147 1898 meus
167 1834 325 1920 progressi
348 1855 471 1918 sumus,
496 1856 533 1898 eo
556 1833 672 1898 certitu
696 1833 903 1918 eognovimus
923 1855 1031 1898 rerem
1051 1837 1084 1898 et
1098 1856 1196 1917 prope

75 1942 250 2028 singularem
280 1943 357 2007 talis
385 1944 501 2008 codicis
527 1943 685 2024 indolem,
713 1943 767 2027 qui
796 1947 829 2008 et
852 1943 1038 2008 correctoris
1066 1965 1196 2008 menum

74 2073 168 2134 passus
187 2053 393 2118 manifestam
415 2057 448 2116 et
470 2056 575 2118 cetera
598 2053 823 2138 neglegentius
845 2055 886 2116 nb
908 2053 1040 2118 librario
1066 2053 1196 2117 habitus

75 2165 167 2228 lamen
197 2167 364 2248 utrumque
396 2162 509 2226 vitium
543 2167 612 2226 tem
646 2162 769 2226 eximiis
802 2161 930 2226 dotibus
964 2165 1194 2246 compensaret,

74 2275 114 2354 ut,
140 2273 299 2357 siponeis
325 2273 469 2336 volumus
497 2272 544 2336 rei
571 2293 728 2336 summam
759 2271 943 2356 complecti,
981 2271 1195 2337 deterioris

74 2383 216 2464 generis
244 2382 385 2448 melius
422 2381 640 2466 exemplum
667 2381 896 2466 Ohisianus,
926 2381 1103 2445 deterius
1132 2403 1195 2444 au-

75 2500 136 2554 tem
159 2491 335 2556 melioris
363 2491 522 2576 generis
550 2495 859 2576 repraesentare
886 2489 1059 2556 Vrbiuas
1089 2489 1195 2554 eristi·

74 2601 190 2666 naudus
211 2601 263 2665 sit.
302 2601 398 2668 Cuius
420 2599 524 2665 leudis
546 2602 751 2686 praecipuam
773 2605 897 2684 partem
920 2621 991 2666 cum
1014 2601 1048 2664 in
1063 2621 1100 2663 eo
1123 2621 1195 2663 con·

74 2709 168 2775 sistere
188 2711 309 2794 dixero,
332 2711 414 2796 quod
437 2711 534 2798 longe
557 2709 708 2778 Chisisno
730 2711 812 2774 libro
837 2711 962 2794 plenior
984 2713 1016 2774 et
1039 2709 1196 2794 integrior

74 2819 150 2882 testis
170 2819 310 2886 Vrbiuas
339 2824 457 2903 exstet,
496 2821 591 2886 focile
620 2820 790 2904 praevideo
816 2819 885 2884 fore
913 2823 949 2883 ut
975 2819 1084 2882 multis
1116 2819 1195 2882 satis

74 2933 203 3012 suspecta
234 2929 311 2994 talis
344 2930 471 3014 quidem
502 2929 644 2994 laudatio
677 2930 728 2993 sit.
788 2929 870 3005 Quid
903 2929 988 2993 enim
1024 2927 1195 3012 proclivius

74 3058 153 3118 quam
178 3039 212 3104 in
239 3040 380 3104 eiusdem
408 3039 593 3104 societatem
620 3038 895 3122 interpolationis,
924 3059 1019 3122 quam
1048 3037 1086 3102 de
1112 3038 1195 3102 libro

74 3144 118 3210 illo
137 3149 216 3214 ultre
232 3149 455 3232 concessimus,
479 3171 517 3212 ea
531 3170 655 3234 quoque
670 3148 889 3214 additamenta
904 3147 1090 3230 adsciscere,
1114 3169 1195 3232 quse

74 3275 119 3336 per
137 3279 168 3322 se
188 3261 333 3342 spectata
355 3259 406 3322 vel
426 3257 508 3322 nihil
531 3257 673 3322 habeant
692 3279 754 3341 quo
767 3257 959 3342 displiceant
981 3258 1031 3322 vel
1053 3257 1196 3322 habeant

74 3365 139 3429 adeo
164 3389 223 3452 quo
251 3367 454 3432 vehementer
482 3367 656 3452 placeant?
698 3365 819 3430 (bntra
846 3367 922 3450 quid
950 3367 1053 3450 magis
1080 3367 1194 3430 mirmn

74 3493 154 3554 quam
174 3477 332 3540 incudem
354 3478 435 3540 teste
458 3480 490 3540 et
512 3477 606 3540 fidem
629 3495 783 3540 summam
806 3479 838 3539 et
857 3475 1021 3539 licentiam
1043 3497 1109 3538 non
1131 3495 1194 3537 me-

74 3579 195 3648 dicerem
217 3585 389 3649 coniuncta
412 3585 504 3650 esse?
552 3585 596 3648 llt
620 3589 728 3649 tamen
756 3586 816 3649 hoc
844 3585 890 3648 ita
919 3605 987 3648 esse
1015 3587 1082 3648 tam
1109 3584 1194 3648 lucu·

75 3687 155 3756 lentis
182 3717 238 3758 nos
261 3694 461 3760 documentis
484 3718 549 3760 nou
577 3715 782 3779 persuasuros
810 3699 953 3778 tanturn,
985 3693 1039 3758 sed
1067 3693 1194 3758 demon·

74 3803 210 3868 stratores
233 3804 431 3888 confidimus,
454 3827 549 3870 nemo
572 3807 607 3870 ut
629 3809 741 3869 contra
756 3805 926 3890 sentiat.*)
956 3803 1043 3880 Qirae
1066 3803 1194 3868 demon·

130 4089 153 4152 *)
175 4089 239 4158 [Vix
257 4089 355 4144 credas
378 4107 508 4160 umquam
531 4092 600 4146 baec
617 4091 731 4160 legisse,
755 4089 801 4158 qui
820 4089 854 4144 de
872 4087 996 4142 cocbcum
1013 4087 1194 4155 Dionysisno·

73 4192 125 4230 rum
146 4181 247 4238 rabone
269 4199 343 4238 enno
367 4183 479 4252 quidem
502 4189 567 4238 1860
594 4183 633 4238 sic
655 4182 820 4238 decreverit:
848 4181 933 4234 ‘Cum
956 4182 1050 4234 autom
1073 4178 1194 4232 Ubisiaui

73 4265 129 4322 libri
148 4273 327 4342 antiquissimi
349 4276 502 4332 auctoritas
528 4276 603 4347 apud
624 4275 805 4330 ltitschelium
827 4272 1058 4340 Ambrosiumque
1085 4273 1194 4326 tuntum

74 4361 231 4430 volucritat
249 4367 285 4422 ad
303 4367 361 4423 eius
379 4369 528 4438 praecipue
546 4369 629 4423 fidem
647 4367 788 4438 scriptoris
806 4367 893 4422 verbe
912 4364 986 4436 exigi
1002 4381 1085 4434 posse
1103 4363 1194 4420 existi·
