2954 5134
276 331 339 395 538
646 349 693 395 on
716 349 845 396 comcs
867 349 1046 396 vneruura

276 501 362 584 ipsas
377 500 545 565 Vrbinatis
567 501 640 565 libri
657 505 853 566 correcturas
872 502 1026 566 habemus
1047 502 1101 587 qui
1124 524 1191 566 non
1204 524 1266 566 uno
1286 503 1389 566 nomine

277 633 472 676 excusemus.
517 611 561 675 Et
583 633 639 675 eae
661 611 803 695 quidem,
833 633 913 696 quae
935 611 1118 696 probabiles
1141 615 1216 676 sunt
1237 611 1284 676 iel
1305 633 1390 676 neces·

277 722 396 805 sariae,
430 724 539 805 utpote
567 721 602 784 in
629 721 736 785 locum
763 725 872 805 aperte
899 722 1054 785 falsorum
1086 723 1292 786 substitutae:
1320 723 1391 785 modo

277 832 344 895 sint
365 853 422 896 eae
438 832 620 896 coniectura
643 832 811 915 inventae,
834 853 895 895 nec
916 832 1023 915 potius
1038 835 1238 916 propagatae
1259 855 1295 898 ex
1309 854 1389 896 emen·

277 942 401 1006 (latiore
424 941 614 1025 archetypo:
643 942 721 1004 satis
750 963 784 1004 se
807 942 896 1024 ipsae
924 941 1113 1005 defendunt.
1157 941 1277 1005 Earum
1298 947 1390 1010 auten.

277 1073 358 1136 quae
386 1056 441 1115 aut
469 1073 725 1135 supervacaneae
753 1055 829 1115 sunt
861 1056 917 1114 aut
949 1052 1014 1115 alia
1047 1051 1086 1115 de
1113 1073 1227 1116 caussa
1253 1056 1391 1135 suspectae

276 1166 333 1225 aut
354 1162 526 1225 manifesto
549 1162 666 1244 falsae,
691 1183 766 1244 pars
788 1162 915 1246 quidem
937 1183 1003 1226 uon
1025 1162 1157 1226 obscure
1173 1163 1391 1247 grammaticum

276 1273 384 1356 arguit
407 1272 456 1334 vel
479 1293 578 1354 pravo
600 1272 781 1356 elegantiae
803 1275 836 1335 et
858 1271 965 1336 nescio
988 1272 1076 1336 cuius
1092 1273 1328 1338 convenientiae
1343 1275 1392 1334 stu-

276 1381 327 1445 dio
361 1381 582 1466 indulgentem
616 1385 781 1464 certasque
812 1382 962 1465 loquendi
1000 1383 1267 1467 construendique
1295 1383 1392 1446 formas

275 1491 310 1555 in
333 1490 454 1554 deliciis
476 1491 661 1573 habentem,
684 1491 735 1554 vel
758 1491 856 1554 etiam
870 1513 950 1554 sana
973 1495 1006 1554 et
1019 1492 1118 1574 plana
1138 1474 1223 1556 male
1243 1515 1305 1556 non
1320 1513 1391 1555 uum-

275 1624 370 1685 quam
393 1602 635 1684 intellegentem
657 1622 901 1684 perversamque
929 1601 963 1664 in
984 1604 1111 1684 partem
1139 1602 1390 1686 interpretantem.

275 1711 395 1775 Verum
417 1712 513 1794 longe
536 1711 661 1775 diversa
683 1732 700 1773 e
724 1732 836 1774 caussa
854 1710 1027 1793 repetenda
1050 1711 1114 1775 alia
1135 1733 1211 1795 pars
1234 1717 1296 1794 est,
1316 1733 1392 1796 quan

273 1843 344 1885 esse
367 1821 580 1885 excusabilem
598 1820 789 1904 significavi.
823 1819 955 1884 Etenim
976 1820 1039 1884 uisi
1061 1821 1169 1885 omnia
1190 1821 1314 1902 fallunt,
1334 1821 1392 1884 tals

273 1931 337 1994 fuit
363 1931 430 1994 eius
460 1931 592 2014 codicis,
627 1953 688 2014 quo
722 1930 789 1995 sive
816 1930 1045 2015 grammaticus
1075 1930 1128 1994 ille
1156 1933 1223 1995 sive
1250 1930 1393 1995 Vrbinatis

274 2041 423 2105 librarius
445 2041 611 2124 utebatur,
641 2040 786 2104 condicio
808 2043 859 2122 ut,
890 2063 961 2105 cum
983 2043 1162 2124 temporum
1184 2041 1299 2106 iniuria
1319 2061 1392 2125 quac

274 2151 348 2214 dam
371 2151 435 2234 legi
458 2173 524 2214 non
545 2155 694 2234 possent,
723 2151 859 2214 evanida
882 2151 1062 2214 litterarum
1084 2151 1221 2236 vestigia
1243 2149 1393 2216 divinando

274 2260 421 2324 rimanda
444 2265 476 2324 et
503 2260 599 2324 dubia
622 2261 808 2344 opinatione
835 2261 870 2325 in
899 2260 1039 2344 aliquam
1066 2282 1255 2345 graecorum
1281 2261 1393 2325 vocabu·

274 2372 377 2435 lorum
399 2371 538 2454 speciem
555 2371 735 2455 colligenda
751 2375 874 2453 essent,
897 2370 961 2434 nisi
983 2369 1065 2434 nibil
1082 2371 1279 2454 perscribere
1293 2371 1393 2435 mallet.

274 2481 359 2546 Nam
381 2482 443 2545 nisi
472 2483 518 2545 sic
546 2483 684 2564 statuas,
714 2481 766 2544 vix
794 2481 971 2564 perspicias
999 2481 1053 2564 qui
1080 2482 1212 2546 omnino
1239 2482 1313 2546 oriri
1332 2479 1395 2544 talia

274 2591 438 2674 potuerint
459 2591 552 2675 ‹puale
575 2595 624 2654 est
645 2591 676 2673 l,
703 2592 742 2656 14
764 2594 790 2676 ᾧ
819 2593 1023 2658 δουλεύων
1052 2612 1110 2675 pro
1138 2591 1239 2657 ὁδοῦ
1267 2593 1333 2668 ὧν,
1356 2589 1394 2652 vel

274 2701 300 2783 I,
323 2702 365 2765 32
386 2723 429 2778 γε
451 2704 470 2766 ὃ
494 2704 634 2784 καίρια
657 2703 781 2778 γένος.
825 2701 871 2764 Et
893 2702 1062 2765 confirmat
1089 2701 1175 2765 haue
1201 2703 1395 2766 coniecturum

223 2823 256 2870 23
274 2811 367 2892 illud,
396 2811 480 2894 quod
507 2816 574 2874 tam
601 2811 690 2874 miris
718 2811 884 2894 scripturis
912 2833 1007 2894 saepe
1036 2811 1193 2874 finitimae
1226 2815 1301 2876 sunt
1329 2809 1395 2872 alise

274 2922 488 3003 corruptelae,
513 2943 590 3004 quas
606 2921 633 2984 si
649 2921 689 2984 ad
705 2922 881 3004 spatiorum
894 2943 1076 2985 mensuram
1091 2921 1285 3002 dimetiaris,
1299 2939 1397 3003 aequa-

273 3031 355 3093 libus
388 3031 456 3093 fere
488 3031 666 3095 intervallis
699 3031 784 3094 inter
814 3052 847 3094 se
881 3030 1038 3096 distantes
1070 3032 1229 3114 reperias:
1261 3031 1340 3096 uude
1367 3029 1397 3088 dr

274 3141 432 3203 communi
457 3141 641 3204 chartarum
668 3141 740 3203 labe
769 3141 876 3224 aliqua
904 3163 961 3224 per
984 3141 1161 3224 complures
1189 3164 1295 3206 versus
1316 3136 1397 3223 perti-

274 3252 370 3312 nente
392 3254 478 3313 recte
507 3251 639 3334 cogites.
684 3249 781 3314 Velut
809 3249 924 3334 capitis
951 3253 993 3316 32
1021 3251 1119 3316 verba
1146 3251 1204 3315 illa
1231 3252 1257 3316 si
1283 3249 1325 3316 ad
1349 3247 1398 3312 hoe

273 3360 452 3442 exemplum
474 3360 653 3444 perscripta
675 3360 783 3424 animo
809 3361 1009 3427 informaris:

518 3543 642 3617 μαθεῖν·
687 3539 824 3616 καίτοιγε
869 3540 927 3605 οὐκ
969 3540 1128 3620 ἀμνήετου

517 3653 573 3727 τῆε
597 3649 694 3713 οἰκίαι
715 3650 831 3729 ταύτης
855 3649 1025 3729 ἀφειμένη(
1053 3649 1128 3714 οὐδ’

517 3758 652 3838 ἀμοίρου
684 3765 783 3838 τιμῶν
815 3759 865 3822 uit
892 3760 930 3822 τὸ
963 3758 1127 3837 δαιμόνιον

516 3869 612 3946 γένος
647 3869 705 3932 ὑπ’
737 3869 919 3946 ἀνθρώπων
951 3868 1129 3949 γεραίρεται

272 4045 367 4108 facile
394 4044 563 4129 intelleges
596 4067 657 4129 quo
692 4046 785 4110 modo
815 4067 852 4108 ex
880 4067 944 4108 uno
969 4045 1060 4108 fonte
1086 4067 1219 4110 manare
1252 4041 1399 4130 potuerint

273 4154 371 4221 ἰδεῖν
393 4177 451 4238 pro
473 4159 600 4235 μαθεῖν,
622 4155 716 4221 ἄνευ
739 4176 796 4238 pro
820 4155 954 4235 ἀμοίρου
977 4158 1009 4218 et
1029 4177 1072 4232 γε
1094 4157 1114 4220 ὃ
1145 4160 1208 4222 καὶ
1228 4177 1286 4241 pro
1306 4157 1399 4232 γέναα

273 4285 351 4346 quas
372 4287 439 4329 non
461 4265 573 4329 dubias
597 4265 792 4350 corruptelas
814 4265 899 4330 solus
922 4270 951 4331 B
972 4267 1071 4332 tenet.
