2990 5140
305 297 368 359 204
648 312 805 358 ἰ’κυτκλυ
828 311 1088 357 ιἰιοιιυααιιιιιιλ

328 537 332 546 ,
389 468 419 530 5.
463 468 553 545 Μέρη
584 472 639 544 τῆς
672 467 839 550 κωμῳδία(
872 466 926 530 είςί
955 466 1102 543 τέςςαρα,
1136 465 1313 543 πρόλογος,
1353 465 1452 540 μέλος

306 582 423 656 χοροῦ,
451 578 557 656 τρίτον
581 578 759 641 ἐπειςόδιον
783 579 832 641 καὶ
854 578 1007 657 τέταρτον
1031 577 1151 640 ἔξοδος.
1199 574 1254 638 Καὶ
1279 575 1453 652 πρόλογος

305 690 361 765 μέν
385 689 447 751 ἐςτι
469 690 506 751 τὸ
530 689 619 766 μέχρι
640 692 698 751 τού
722 693 823 766 χοροῦ
845 692 901 765 τῆς
923 687 1063 752 είςόδου·
1085 689 1103 764 ἡ
1127 687 1162 751 δὲ
1184 685 1248 764 άμα
1269 692 1307 766 τῇ
1331 685 1471 764 εἰςόδιρε

305 802 362 862 τού
379 803 480 877 χοροῦ
504 799 659 876 λεγομένη
684 799 769 876 ῥῆςις
791 800 887 876 μέλος
908 801 1048 862 καλεῖται
1067 800 1183 876 χοροῦ·
1206 795 1396 861 ἐπειςόδιον
1420 798 1452 857 δέ

304 910 387 973 ἐςτιν
416 910 513 988 μέλος
540 910 654 986 μεταξὺ
683 911 789 985 μελῶν
819 911 867 972 καὶ
891 909 1014 988 ῥήςεων
1036 908 1095 972 δύο
1119 911 1244 986 χορῶν·
1276 906 1396 970 ἔξοδος
1421 907 1453 968 δέ

305 1019 427 1098 ἐςτινὴ
457 1020 538 1098 πρὸς
564 1025 609 1101 τῷ
638 1020 720 1082 τέλει
749 1023 805 1082 τού
834 1023 936 1098 χοροῦ
965 1020 1057 1097 ῥῆςις.
1104 1019 1158 1081 Καὶ
1186 1020 1289 1081 ταῦτα
1312 1017 1376 1094 μέν
1401 1016 1453 1080 είςι

304 1131 342 1192 τὰ
364 1131 441 1207 μέρη
465 1133 520 1204 τῆς
543 1129 726 1210 κωμωδίας·
749 1130 826 1207 μέρη
850 1131 884 1193 δὲ
900 1129 1112 1208 παραβάςεως
1132 1127 1221 1192 ἑπτά.
1266 1128 1399 1206 Πρῶτο
1421 1128 1454 1190 δὲ

304 1239 342 1301 τὰ
365 1239 539 1301 Διονυςίου
568 1241 616 1304 κοί
641 1240 800 1318 Κράτητος
828 1241 876 1302 καί
900 1239 1068 1303 Εὐκλείδου
1095 1239 1211 1317 ῥητέον
1234 1258 1305 1316 μοι,
1339 1239 1471 1302 ἔπειτα·

305 1349 353 1411 καί
375 1349 413 1411 τὰ
435 1349 571 1425 ἡμέτερα
592 1353 691 1412 ταῦτα
712 1355 822 1428 ςαφιίις
844 1351 1045 1415 ἐκδιδάξοντι.
1086 1349 1168 1413 Οὐδὲ
1190 1349 1252 1427 γὰρ
1269 1349 1344 1411 οὐδ’
1370 1349 1453 1426 ἁβρὰ

241 1466 286 1513 ¹¹5
305 1459 444 1536 τράπεζα
459 1461 499 1537 μὴ
522 1461 600 1535 μετὰ
615 1444 738 1539 τρυφῆς
754 1459 878 1537 εὐδίαν,
901 1460 977 1524 οὐδέ
993 1461 1113 1538 γαλήνη
1135 1461 1175 1538 μὴ
1192 1460 1270 1537 μετὰ
1285 1459 1471 1536 τρικυμίαςι

304 1570 353 1631 καί
382 1569 531 1632 κλύδωνα
560 1569 628 1632 οὐδ’
650 1569 668 1646 ἡ
693 1569 849 1647 ὼραιότης
871 1571 920 1633 καὶ
942 1570 1038 1648 ἀρετὴ
1062 1571 1111 1632 καὶ
1142 1570 1231 1648 χάρις
1251 1573 1313 1631 τού
1350 1569 1453 1641 λόγου

305 1681 410 1758 ςάφὴν
433 1684 589 1744 τοςούτον
613 1679 702 1743 οίδεν
726 1681 927 1759 εὐφραίνειν,
956 1681 982 1743 εἰ
1003 1683 1042 1759 μὴ
1066 1680 1143 1759 μετὰ
1164 1682 1222 1757 τὴν
1245 1680 1452 1755 κατ’-Ἐμπε-

304 1790 420 1851 δοκλέα
442 1791 676 1868 μελάγκουρον,
707 1791 784 1854 κατὰ
806 1793 841 1855 δὲ
864 1792 1000 1869 Τῑέτῑην
1023 1791 1151 1855 Τούλον
1173 1790 1224 1853 καί
1247 1790 1451 1867 Κερκεςύρον

304 1901 549 1977 περιεπεςτάτην
584 1899 751 1980 ἀςαφείας·
784 1902 833 1964 καί
866 1904 987 1979 μάλλον
1018 1901 1044 1965 εί
1074 1902 1188 1981 ςοφοῑς
1221 1899 1333 1974 λόγοις
1373 1900 1450 1975 αὐτή

304 2010 398 2092 ἑαυτῇ
429 2009 651 2088 ἀντιβαίνουςα
679 2011 799 2086 γίνοιτο
829 2011 883 2074 ὁτὲ
910 2014 967 2088 μέν
996 2011 1125 2089 ἀρνίον,
1155 2011 1210 2074 ὁτὲ
1238 2011 1274 2074 δέ
1303 2015 1452 2089 τραγίον.

304 2120 356 2182 ότὲ
385 2120 419 2183 δὲ
442 2120 623 2198 κόνδουρον
651 2121 848 2198 άειδούριον,
882 2123 931 2184 καὶ
959 2124 997 2200 δὴ
1026 2120 1259 2200 κριτικωτάταις
1290 2121 1452 2197 ἠκροᾱςθε

303 2234 370 2292 ταῖς
393 2229 511 2293 ἀκοαῖς.
554 2231 589 2294 Ὁ
613 2232 710 2310 χορός
733 2252 828 2310 φυςιν
851 2231 869 2293 ὁ
893 2231 1028 2308 κωμικός
1050 2231 1190 2307 είςήγετο
1212 2236 1249 2312 τῇ
1274 2230 1452 2308 ὀρχήςτρα.

304 2342 342 2417 ἣν
359 2342 407 2402 καὶ
423 2342 552 2416 λογεῖον
576 2345 750 2420 καλοῦμεν,
775 2343 824 2404 καὶ
846 2341 1072 2418 διαλεγόμενος
1095 2343 1151 2419 μὲν
1174 2343 1242 2404 τοῖς
1259 2339 1450 2418 ὑποκριταῖς

303 2451 428 2528 μέτροις
457 2451 592 2528 ἑτέροις,
622 2452 702 2528 πρὸς
730 2455 788 2529 τὴν
812 2454 926 2530 ςκηνὴν
950 2453 1036 2531 ἑιύρα
1065 2455 1119 2529 τῆς
1142 2450 1322 2534 κωμῳδίας·
1353 2453 1471 2514 ἀπελι

303 2560 428 2623 θόντων
452 2562 487 2622 δέ
509 2567 574 2624 τῶν
598 2561 779 2639 ὑποκριτῶν
802 2563 882 2640 πρὸς
905 2564 963 2626 τὸν
986 2567 1087 2640 δῆμον
1110 2563 1214 2640 ὁρῶν,
1240 2562 1274 2624 ἐκ
1297 2563 1451 2640 τετραμέ-

303 2692 389 2747 τρων
419 2693 449 2741 ις
478 2671 599 2747 ςτίχους
629 2672 841 2735 άναπαίςτους
870 2673 1061 2751 ἐφθέγγετο,
1096 2673 1145 2735 καί
1173 2676 1270 2735 τοῦτο
1299 2673 1449 2736 ἐκαλεῖτο

304 2782 440 2860 ςτροφή·
464 2781 531 2844 εἶτα
554 2782 682 2859 ἐτέρους
706 2783 867 2844 ἑκκαίδεκα
889 2784 1056 2846 τοιούτους
1079 2783 1271 2862 ἐφθέγγετο,
1300 2784 1355 2844 καὶ
1383 2785 1450 2846 ἐκο-

303 2893 387 2953 λεῑτο
410 2895 507 2955 τούτο
532 2891 756 2970 ἀντίςτροφος·
784 2892 866 2970 ἅπερ
896 2893 1062 2971 ἀμφότερα
1084 2892 1114 2956 οί
1136 2893 1265 2956 παλαιοί
1288 2891 1449 2971 ἐπίρρημα

303 3001 426 3075 ἐλεγον.
479 3003 514 3064 Ἡ
545 3001 603 3078 ὅλη
638 3003 672 3064 δέ
702 3001 844 3077 πάροδος
870 3007 927 3065 τού
961 3007 1062 3081 χοροῦ
1092 3004 1228 3066 καλεῖται
1257 3003 1468 3081 παράβοςις.·.

303 3111 360 3172 Ἂν
384 3109 442 3173 οὐν
466 3111 510 3173 ὡς
532 3111 566 3173 ἐκ
589 3112 716 3173 πόλεως
739 3112 860 3190 ἐβάδιζε
884 3114 964 3190 πρὸς
986 3113 1023 3175 τό
1046 3113 1197 3190 θέατρον,
1224 3113 1276 3175 διὰ
1299 3116 1359 3188 τῆς
1388 3115 1450 3191 ἀρι-

302 3222 412 3297 ςτεράς
441 3221 559 3297 άψίδος
586 3221 728 3298 ἔβαινεν,
757 3221 783 3284 εἰ
812 3223 845 3283 δ’
874 3223 918 3285 ιίις
945 3223 1003 3284 ἀπ’
1031 3223 1149 3300 ἀγρού,
1178 3223 1229 3285 διὰ
1257 3227 1312 3298 τῆς
1343 3228 1449 3287 δεξιός

302 3331 336 3393 ἐν
359 3331 622 3408 τετραγωνίζοντι
648 3336 706 3395 τού
730 3336 832 3410 χορού
855 3333 962 3414 τύπιμ,
991 3334 1073 3411 πρὸς
1101 3332 1219 3410 μόνους
1248 3331 1340 3409 ὁρῶν
1375 3336 1449 3398 τούς

302 3439 488 3518 ὑποκριτάς·
518 3439 564 3504 ύιν
588 3442 784 3506 ἐξελθόντων
808 3443 825 3504 ὸ
848 3445 945 3520 χορός
969 3443 1095 3506 ἑπτάκις
1120 3443 1335 3520 (τρεφόμενος
1365 3447 1448 3523 πρός

302 3549 468 3629 ἀμφότερα
483 3551 612 3628 τὰμέρη
634 3556 691 3614 τού
715 3553 815 3628 δήμου
837 3554 936 3629 ἐώρα·
959 3553 996 3616 τό
1019 3555 1052 3616 δ’
1075 3553 1299 3631 ἑπτάςτροφον
1316 3553 1468 3633 ὄρχημαε

301 3663 398 3722 τοῦτο
423 3661 596 3738 παράβαςις
625 3661 766 3725 ἐκαλεῖτο
797 3669 842 3745 τῷ
871 3664 972 3738 γένει,
1005 3664 1094 3740 καὶὴ
1118 3664 1227 3740 πρώτη
1252 3663 1286 3725 δέ
1313 3663 1448 3742 ὄρχηςις

302 3769 481 3845 ὁμωνύμως
508 3775 553 3851 τῷ
576 3773 661 3845 γένει
683 3774 874 3850 παράθαςις,
903 3773 939 3835 τό
963 3773 1070 3849 τρίτον
1093 3773 1213 3850 μακρὸν
1244 3775 1293 3836 καί
1316 3780 1448 3850 πνῖγος,

301 3880 338 3941 τό
361 3879 515 3955 τέταρτον
540 3883 605 3960 ᾡδὴ
630 3884 678 3944 καί
702 3884 842 3960 ςτροφὴ,
864 3882 901 3944 τὸ
925 3884 1070 3957 πέμπτον
1094 3881 1266 3960 ἐπίρρημα,
1289 3883 1328 3946 τὸ
1350 3885 1447 3948 ἕκτον

368 4056 590 4120 θλκιιίίδέιυιί.
645 4058 879 4110 3·.),εύδει(ιννιν1.
938 4060 971 4125 [3.
991 4057 1185 4123 ta‹p1']vet‹1‘.³F.
1200 4058 1244 4125 st]
1305 4061 1446 4128 [άπεριε-

302 4150 454 4212 πεςτάτην,
478 4167 532 4199 ιιιιιι
558 4153 780 4216 περιεπιςτιίτην,
804 4150 863 4202 ιωιί.
946 4158 985 4202 20.
1010 4147 1132 4217 όρχημςι,
1160 4168 1214 4202 ιιοιι
1238 4154 1346 4218 όχημιι,
1376 4156 1429 4208 ιϊιιί

302 4245 342 4289 21.
357 4241 386 4291 Ἡ
402 4243 451 4303 μέν
464 4243 514 4292 οὐν
536 4243 634 4306 πρώτη
649 4245 757 4306 όρχηεις
777 4244 930 4306 κομμάτιον
943 4245 1067 4308 ἐλέγετο,
1088 4247 1104 4307 ή
1119 4245 1148 4296 δέ
1160 4245 1277 4310 δευτέρα
1291 4249 1447 4310 ποριίβυςις

301 4333 459 4396 ὁμωνύμως
479 4339 519 4398 τῷ
539 4336 611 4397 γένει
630 4336 758 4387 ἐκαλεῖτο
777 4335 860 4386 οικίνκ
881 4335 1026 4388 Parisinus.
1099 4329 1103 4338 ⁸
