2976 5140
450 347 497 394 on
520 347 591 394 ouo
614 347 659 394 aa
682 348 823 394 eamus.
1145 333 1208 396 639

78 501 111 562 τὰ
133 501 151 562 Γ
152 499 250 577 άγγρα
272 503 439 578 παρῆκται.
484 497 605 572 Quibus
627 500 695 581 ipse
718 498 901 581 Stephanus
923 499 1099 563 subnectit:
1125 501 1208 566 ἀλλὰ

78 610 122 673 καὶ
141 611 281 687 θηλυκῶς
303 609 426 685 λέγεται
447 609 467 686 ἡ
491 609 616 688 Γάγγρα
638 629 665 671 e.
683 631 713 692 q.
733 631 759 672 s.
804 609 961 692 (benign-uit
984 609 1017 672 in
1040 609 1097 673 Ori
1118 631 1207 693 praa-

78 721 193 800 ceptum
207 719 369 797 Δωρηνόε
383 719 503 800 forma,
528 739 566 780 ex
583 718 637 780 illo
653 705 792 782 fortasse
806 719 876 801 ipso
892 719 993 802 petita
1008 742 1029 783 a
1043 717 1207 802 Stephano

76 848 103 907 p.
127 827 197 910 166,
222 829 272 891 17.
326 827 473 891 Ceterum
502 827 693 891 emendandi
721 827 824 892 viam
852 829 923 892 eliis
951 829 1086 912 probare
1114 829 1207 912 cupio

77 937 304 1021 restitutamque
326 938 537 1020 sententiam,
559 937 688 1022 singula
708 938 805 1002 verba
828 937 1004 1026 minime.*)
1018 977 1062 988 —-
1081 939 1120 1004 In
1136 939 1207 1002 loco

97 1111 261 1118 ...ο-.-

148 1207 171 1273 *)
189 1205 242 1275 [De
261 1207 314 1262 hnc
333 1207 547 1276 impeditissima
566 1207 729 1275 quaestione
751 1225 807 1273 non
825 1207 892 1262 mihi
915 1211 1042 1278 tempero
1060 1209 1126 1276 quin
1144 1209 1205 1263 sub·

76 1297 217 1353 tilissimam
240 1300 375 1354 Lchrsii
399 1301 617 1384 disputationem
641 1301 774 1354 subiciam
798 1301 937 1356 Censurae
960 1321 987 1371 p.
1006 1309 1057 1357 455
1080 1321 1120 1370 sq.
1144 1319 1206 1372 per·

75 1395 180 1458 textam,
198 1393 273 1446 cuius
293 1411 345 1447 nec
363 1394 517 1448 Lobeckius
535 1395 701 1448 meminerat
718 1393 903 1462 Pathologiae
922 1395 1000 1449 olem.
1019 1395 1031 1448 I
1049 1413 1076 1464 p.
1098 1399 1145 1450 198
1163 1413 1204 1463 sq.

75 1501 118 1538 nce
137 1485 287 1540 Meinekins
310 1485 447 1555 Stephani
470 1487 512 1540 sui
534 1505 561 1556 p.
583 1493 622 1540 17.
647 1518 679 1525 -
702 1487 865 1541 ‘ltitschelio
888 1487 1006 1541 debetur
1031 1489 1205 1556 Γερμαρηνόε

76 1595 118 1644 pro
136 1580 287 1646 Γερμανόε,
310 1579 379 1633 item
405 1583 449 1634 καὶ
473 1582 508 1634 τὰ
529 1581 652 1648 Γέρμαρα
669 1583 734 1648 post
752 1582 787 1634 τὰ
806 1581 957 1648 Θυάτειρα,
980 1583 1009 1635 et
1027 1583 1063 1636 τὰ
1081 1584 1118 1647 μὴ
1136 1587 1179 1649 τῷ
1197 1599 1206 1634 ι

74 1686 117 1736 pro
132 1673 165 1725 τὰ
182 1675 291 1740 μέντοι,
311 1671 432 1739 denique
449 1672 536 1726 verba
554 1675 631 1739 πλὴν
648 1679 709 1726 τῶν
727 1673 766 1726 εἰ(
785 1690 802 1726 α
820 1675 993 1742 οὐδετέρων,
1016 1675 1115 1728 lacuna
1132 1673 1206 1727 enim

74 1765 128 1828 post
144 1765 186 1818 καί
204 1767 246 1819 est
264 1765 292 1818 in
318 1765 525 1834 Rehdigeruno.
562 1765 617 1818 Sed
640 1765 759 1834 pn'mum
782 1765 849 1819 letis
868 1767 1002 1820 remansit
1024 1769 1134 1822 macula
1151 1769 1204 1822 δια-

75 1862 180 1922 φοροῑτο
197 1875 248 1926 pro
267 1861 427 1926 διφοροῖτο;
446 1857 512 1912 item
533 1859 700 1925 Βοετρανὸε,
719 1875 784 1912 nam
803 1875 819 1911 a
838 1861 947 1926 Βὸετρα
959 1877 1014 1914 non
1032 1863 1075 1914 est
1088 1863 1205 1927 Βοετρα-

74 1950 126 2013 νόε,
149 1951 195 2004 sed
218 1953 393 2018 Βοετρηνόε,
416 1968 441 2004 v.
466 1950 562 2019 Steph.
587 1970 607 2002 s.
632 1953 753 2018 Βόετρα,
779 1953 898 2019 Γάγγρα,
925 1954 1031 2020 Γάδαρα
1054 1955 1084 2006 ot
1105 1953 1203 2021 Ἔγραι

74 2040 135 2094 unde
153 2043 231 2096 simut
249 2045 332 2112 patet
350 2043 402 2096 hoc
419 2043 585 2098 vocabulum
603 2045 652 2096 aut
669 2043 697 2096 in
715 2043 806 2097 locum
824 2061 879 2098 non
904 2063 982 2098 suum
1001 2045 1138 2113 migrasse
1156 2046 1205 2099 aut

73 2134 170 2190 omnmo
193 2153 248 2190 non
272 2155 335 2192 esse
359 2153 376 2190 a
399 2135 551 2205 Stephano.
587 2137 682 2190 Tertio
706 2136 767 2190 loco
792 2155 847 2190 non
865 2138 993 2206 procedit
1014 2139 1095 2192 rado.
1132 2139 1204 2192 Nam

72 2241 132 2290 quae
149 2245 165 2294 ρ
181 2231 245 2283 aute
265 2231 422 2284 extremam
440 2229 558 2296 habent,
576 2247 610 2284 en
627 2247 682 2282 non
701 2247 771 2298 pure
789 2232 865 2283 sunt:
884 2247 972 2297 neque
989 2230 1075 2298 igitur
1087 2233 1204 2299 possunt

73 2319 149 2388 excipi
165 2339 197 2376 ex
214 2323 301 2391 puris.
340 2321 447 2376 Deinde
465 2323 552 2376 verba
570 2323 609 2376 εἰ(
628 2341 645 2376 α
664 2325 738 2376 certe
756 2323 930 2376 incommode
949 2323 1040 2390 illaec:
1059 2341 1124 2378 nam
1142 2325 1204 2378 teta

72 2413 156 2478 regula
173 2432 226 2468 non
250 2418 295 2468 est
317 2415 371 2468 nisi
394 2415 428 2468 de
451 2415 484 2467 iis
504 2433 575 2482 cquae
598 2419 661 2468 sunt
684 2417 711 2468 in
730 2433 755 2469 α.
792 2417 917 2482 Denique
940 2417 1006 2483 quid
1030 2421 1073 2470 est
1094 2420 1130 2470 τὰ
1153 2419 1203 2483 μὲν

72 2507 136 2570 παρὰ
150 2511 203 2574 τὴν
221 2509 388 2575 Ἄγκυρανθ
411 2509 461 2562 aut
477 2509 670 2574 requirebatur
687 2511 722 2562 τὸ
741 2511 803 2576 μέν,
823 2511 898 2576 παρὰ
916 2513 970 2576 τὴν
988 2511 1142 2576 Ἄγκυραν,
1165 2527 1201 2563 sc.

71 2597 112 2663 ὁν,
132 2601 178 2652 aut
193 2601 298 2654 iterum
320 2599 421 2654 lamma
442 2601 590 2656 indicanda
612 2605 677 2670 post
700 2605 848 2669 Ἄγκυραν.
888 2603 945 2656 Nee
966 2603 1020 2656 hoc
1042 2603 1203 2672 expeditum

71 2693 118 2758 cst,
138 2709 183 2746 cur
200 2693 278 2748 dieat
305 2695 477 2761 Ἀγκυρανὸε
500 2695 725 2748 accommodasse
749 2713 778 2748 se
801 2695 837 2750 ud
856 2696 999 2762 (ευρανόει
1024 2698 1137 2766 poterat
1159 2714 1202 2750 eo-

70 2782 124 2837 dem
141 2787 196 2841 ime
213 2788 274 2842 vice
294 2805 375 2842 versa
394 2788 526 2854 (ωρανὸε
545 2789 786 2842 accommodatum
803 2789 893 2842 dicere
912 2788 949 2842 ad
967 2790 1151 2856 Ἀγκυρανόε,
1175 2789 1200 2842 h.

70 2893 88 2929 e.
105 2884 225 2934 neutrum
248 2882 377 2950 poterat:
400 2897 465 2934 nam
484 2883 653 2948 Ἀγκυρανόε
673 2885 702 2936 et
720 2882 852 2949 (ωρανόε
872 2882 969 2936 eudem
993 2883 1090 2950 regula
1107 2885 1202 2936 tenon-

69 2971 113 3023 tur.
141 2973 213 3041 Non,
230 2974 361 3040 inquam,
379 2973 538 3042 expeditum
557 2978 611 3028 est:
631 2975 763 3043 expedias
781 2975 900 3028 sortasse
918 2975 965 3040 sio,
982 2976 1014 3028 ut
1031 2976 1129 3042 regula
1146 2992 1201 3029 non

70 3064 198 3120 contineat
218 3067 320 3121 Italica
349 3069 411 3132 (neo
433 3067 585 3120 Herodiani
612 3067 710 3134 regula
738 3068 885 3133 eontinet),
913 3085 1029 3135 quorum
1055 3069 1202 3122 character

69 3159 106 3208 est
119 3158 146 3212 iu
163 3164 240 3229 ανόε,
260 3161 290 3213 in
307 3160 379 3214 haec
396 3158 490 3228 igitur,
508 3177 579 3226 quae
599 3177 652 3214 uno
671 3161 767 3214 italico
786 3161 912 3229 exomplo
930 3161 1095 3228 indicantur,
1112 3162 1201 3216 incur·

68 3249 126 3304 n'sse
143 3252 217 3308 dicat
236 3255 424 3322 Ἀγκυρονόε,
446 3255 504 3308 fere
523 3256 554 3308 ut
571 3253 666 3322 Steph.
686 3254 720 3308 de
740 3255 993 3322 componentem
1016 3254 1096 3320 tube,
1120 3255 1200 3308 dicit:

68 3343 97 3394 τὸ
112 3346 218 3401 ἐθνικὸν
237 3348 388 3416 (ωρανόε,
410 3349 450 3401 ὼε
474 3348 617 3424 Νψλανόε.
652 3347 712 3400 Iam
734 3347 757 3400 si
776 3347 836 3414 quis
859 3365 937 3401 ome
959 3347 1020 3416 ipso
1044 3349 1201 3417 expostulet

69 3437 94 3486 ut
109 3439 250 3494 emendem
270 3439 346 3506 quod
364 3439 438 3493 etin
456 3440 624 3494 editionibus
643 3440 881 3510 corruptissimum
904 3442 947 3493 cst
964 3459 1015 3494 uec
1032 3441 1068 3494 ab
1087 3443 1199 3494 auctore

69 3531 152 3585 nostro
169 3535 266 3601 potest
284 3535 414 3587 sanatum
432 3533 532 3599 videri,
554 3551 638 3587 unum
661 3551 750 3603 paene
768 3551 819 3602 pro
838 3535 914 3587 certo
936 3533 1143 3600 affirmaverim,
1162 3533 1198 3588 ab

66 3617 135 3678 initio
156 3641 189 3680 ea
210 3627 322 3681 notione
340 3626 546 3696 procedendum
568 3645 630 3681 esse
649 3645 732 3694 qnam
751 3627 889 3694 significat
906 3627 974 3680 illud
996 3627 1141 3696 vulgatum
1163 3629 1199 3682 τὰ

67 3716 151 3776 μέντοι
172 3721 258 3779 (solus
282 3719 494 3788 itehdigeranua
518 3721 590 3774 aem
608 3737 659 3788 pro
677 3723 722 3785 τά)
741 3723 770 3774 et
788 3721 933 3774 confirmat
954 3721 1070 3774 lacunae
1089 3719 1198 3789 signum

67 3809 132 3872 quod
148 3809 176 3864 in
193 3813 328 3868 Perusino
351 3814 395 3866 est
417 3816 482 3882 post
504 3814 602 3880 Ὥρου
627 3815 643 3866 ὁ
665 3816 695 3867 δὲ
713 3815 797 3880 Ὠροε
821 3817 857 3867 τὰ
881 3817 931 3880 μὲν
949 3817 986 3882 μὴ
1005 3816 1200 3882 καθαρεύοντα

67 3939 142 3956 .....
158 3907 194 3960 τὰ
213 3909 310 3972 μέντοι
328 3909 524 3974 καθαρεύοντα
541 3913 584 3975 τῷ
602 3925 620 3975 η
639 3909 713 3962 θέλει
725 3910 942 3976 παραλὴγεεθαι,
960 3911 1046 3976 χωρὶε
1064 3908 1138 3974 εἰμὴ
1156 3911 1198 3976 τῷ

66 4000 322 4067 ρπαρεδρευόμενα
339 4002 494 4068 διφοροῑτο.
529 3999 659 4066 Reliqua,
677 4017 748 4067 quae
767 4017 908 4068 nunquam
927 4003 1004 4054 certa
1021 4001 1112 4066 erunt,
1136 4017 1198 4052 cmn

65 4084 203 4144 intelibus
221 4092 388 4149 eliciendum
407 4094 443 4147 sit
461 4093 527 4160 quid
544 4093 667 4163 potuerit
686 4093 818 4162 seriptum
836 4095 933 4160 titisse,
956 4092 1058 4162 duplici
1075 4092 1122 4145 via
1139 4093 1196 4146 ten·

66 4179 137 4234 tabo:
160 4183 227 4251 quid
249 4201 268 4238 a
285 4187 436 4242 Ritsehelio
458 4189 554 4256 petam
577 4205 610 4241 ex
628 4187 766 4256 prion'bua
791 4188 882 4242 videre
901 4189 977 4240 licet:
1001 4188 1129 4254 καθάπερ
1151 4185 1198 4240 na

66 4277 111 4325 τοῦ
130 4278 299 4346 Ἀγκυρανόε
318 4285 363 4334 καὶ
381 4283 466 4334 πάλιν
483 4283 685 4348 Θυατειρηνόε,
706 4283 881 4348 Γερμαρηνὸε
899 4283 945 4333 καὶ
965 4281 1137 4347 Γαγγρηνὸε’
1155 4281 1197 4333 ὠν

66 4367 95 4418 τὸ
112 4371 172 4436 μέν,
192 4375 269 4440 παρὰ
286 4377 340 4440 τὴν
358 4377 514 4440 Ἄγκυραν,
533 4377 714 4442 ευνεξὲδραμε
731 4381 774 4442 τῷ
794 4375 940 4442 (ωρανὸε,
963 4375 999 4428 τὰ
1021 4375 1050 4428 δὲ
1068 4373 1126 4428 ἀπὸ
1143 4377 1195 4427 τοθ
