2954 5134
362 375 519 424 nrorrsn
542 373 894 426 aimoinussscusrs.
1138 357 1200 422 527

79 525 149 588 liber
168 529 271 590 servat
291 523 340 608 H,
363 526 421 592 58:
449 527 522 591 κατ’
548 526 654 606 ὄνομα
682 528 806 606 Νομᾶν·
834 525 922 612 [χρὴ
950 527 991 591 δὲ
1018 527 1086 604 τὴν
1114 529 1201 590 δευ-

79 637 182 714 τέρον
204 637 398 716 ςυλλαβήν
421 636 655 703 ἐκτείνοντα
678 637 952 720 βαρυτονεῖν]·,
980 639 1067 700 certo
1095 639 1201 699 eutem

78 765 134 808 non
158 749 245 828 sunt,
275 766 357 828 quae
384 767 466 810 unus
492 752 519 808 Α
548 745 637 808 addit
664 745 722 828 IV,
748 746 802 810 16:
829 747 868 810 τὰ
895 747 952 824 μὲν
980 745 1063 810 ἄλλα
1085 748 1201 826 φορεῖν

78 853 152 918 ὅπλα
171 857 363 934 προςέταξεν
386 855 445 920 ὅςα
469 856 579 939 [τοὺς
605 855 751 921 ἄλλους
780 855 884 938 ἤτοι]
911 857 988 920 τοὺς
1008 857 1200 936 προτέρους,

79 963 121 1026 vel
140 963 193 1046 IV,
214 965 254 1029 67
277 967 359 1028 extr.
382 965 437 1029 ubi
464 967 576 1030 horum
605 967 655 1032 καὶ
676 965 779 1032 διὰτί
805 968 862 1044 τῆς
883 965 1065 1045 ἐπωνυμίας
1086 965 1202 1044 ταύτης

79 1073 175 1154 ἔτυχεν
201 1074 297 1140 οὐδέν
326 1074 414 1159 αύτῷ
442 1076 662 1156 προςηκούςης
689 1077 831 1138 extreme
858 1073 904 1138 sie
932 1073 1077 1138 exhibet:
1105 1075 1202 1140 οὐδέν

79 1184 182 1262 αὐτῆς
209 1185 426 1264 προςηκούςης
457 1191 510 1270 τῷ
543 1185 657 1266 ἀνδρὶ
687 1185 825 1268 τούτῳ.
869 1183 961 1248 Adde
991 1184 1203 1250 certissimum

79 1293 199 1356 correcti
218 1301 244 1358 Α
266 1293 439 1378 vestigium
460 1293 493 1376 I,
517 1294 574 1376 72,
597 1294 637 1358 de
658 1313 721 1378 que
742 1294 867 1360 dicetur
889 1294 956 1376 59.

596 1489 670 1570 er.

152 1620 193 1686 Vt
218 1623 342 1706 plenius
373 1623 488 1705 etiam,
518 1645 580 1708 quo
607 1645 705 1706 usque
733 1622 949 1708 interpolendi
976 1622 1140 1687 temeritas
1168 1622 1228 1692 in.

79 1736 149 1794 CBP
169 1753 334 1817 progressa
359 1733 419 1816 sit,
448 1737 676 1818 cognoscatur,
711 1733 866 1816 quaedam
899 1733 1044 1817 exempla
1072 1733 1203 1796 afferam

78 1861 141 1904 eum
161 1846 265 1906 nostra
280 1842 483 1926 quaestione,
506 1865 588 1926 quae
610 1845 659 1907 est
680 1843 719 1908 de
734 1842 853 1908 meiere
875 1843 937 1908 fide
954 1843 1020 1908 sive
1035 1841 1203 1908 Vrbinetis

77 1950 135 2014 sive
160 1951 299 2016 Cliniam
327 1952 461 2036 codicis,
491 1974 557 2016 non
585 1953 772 2037 coniuncta,
802 1953 856 2018 sed
886 1957 918 2017 et
945 1956 1058 2037 suapte
1086 1955 1203 2018 natura

77 2063 107 2122 et
126 2065 285 2144 prepterea
306 2063 543 2146 memorabilia,
572 2061 654 2148 quod
682 2063 789 2127 fraudi
816 2063 947 2127 fuerunt
968 2063 1115 2148 Dionysii
1139 2061 1203 2126 edi·

77 2169 185 2234 toribus
212 2170 252 2234 ed
279 2193 378 2236 unum
405 2173 562 2238 omnibus.
613 2171 737 2236 Habuit
770 2177 876 2236 eutem
908 2172 1118 2256 interpolator
1148 2175 1204 2236 aut

77 2279 182 2344 iustam
213 2303 358 2346 caussam
390 2287 446 2346 aut
478 2305 544 2348 non
577 2284 710 2366 iustam,
750 2305 806 2348 cur
838 2282 969 2348 omnino
998 2283 1038 2346 de
1066 2281 1203 2347 addendi

76 2391 255 2456 necessitate
271 2393 439 2477 cogitaret.
471 2392 594 2458 Iustam
608 2393 696 2458 velut
710 2391 774 2475 HI,
795 2393 849 2457 16:
872 2393 937 2469 ἐγὼ
959 2393 995 2456 δέ
1017 2392 1131 2472 ἀρετῆς
1146 2394 1203 2471 μὲν

77 2499 162 2566 ἕνεκα
186 2505 314 2581 καὶτῆς
337 2505 416 2570 κατὰ
444 2507 535 2584 χεῖρα
555 2504 781 2583 γενναιότητος
804 2551 886 2568 ....
914 2502 1046 2568 πάντων
1072 2503 1204 2579 μάλιςτα

77 2613 256 2691 δεξομένους
278 2613 358 2692 ὑμᾶς
380 2616 439 2681 τὸν
462 2615 543 2694 ὑπὲρ
557 2621 624 2680 τῶν
640 2613 806 2695 ύριςτείων
827 2613 977 2678 κίνδυνον
1000 2611 1132 2692 ἄραςθοα
1153 2617 1203 2678 οε-

74 2721 178 2786 δοικὼς
192 2725 232 2802 μὴ
247 2724 286 2788 τὸ
305 2771 354 2788 ...
374 2727 522 2800 ςυτγενὲς
537 2725 692 2803 ἐμπόδιον
709 2724 782 2803 ὑμῖν
799 2725 928 2801 γένηται
943 2725 999 2802 τῆς
1013 2723 1201 2805 προθυμίας,
1223 2739 1254 2790 le

74 2831 186 2906 χρόνον
207 2832 366 2914 ᾑτηςάμην
388 2835 452 2897 κτλ.
489 2831 676 2898 Sententiae
698 2835 938 2916 structoresque
953 2831 1087 2914 hiatum,
1111 2851 1204 2914 quern

74 2959 128 3002 nec
150 2944 177 3004 B
196 2963 255 3006 nec
271 2945 328 3005 AB
343 2941 490 3024 explent,
513 2946 587 3026 post
601 2943 735 3022 ἄραςθαι
752 2941 880 3006 insertis
902 2943 1088 3008 ἐπιεικῶς
1111 2942 1204 3007 ύπέ-

73 3048 186 3128 λαβον
206 3050 312 3114 verbis
334 3051 522 3135 adiectaque
544 3055 618 3136 post
640 3055 792 3120 δεδοικὼς
814 3051 972 3136 particula
993 3055 1035 3117 δὲ
1055 3055 1133 3115 CDP
1145 3050 1204 3114 tol-

72 3153 133 3218 lere
154 3159 272 3242 consti,
295 3159 370 3244 quid
392 3161 555 3244 exciderit,
579 3161 704 3226 definiri
726 3162 853 3246 nequit3
876 3160 1050 3244 simplicius
1072 3161 1204 3240 ἄραςθαι

71 3265 301 3348 ἡγούμενος,
329 3269 429 3336 ἀλλὰ
456 3272 609 3338 δεδοικὼς
642 3275 682 3352 μὴ
716 3275 780 3338 κτλ.
817 3271 968 3336 conicias.
1002 3309 1045 3320 -
1083 3269 1204 3336 Contra

70 3395 132 3438 non
159 3380 225 3441 erat
252 3399 309 3442 eur
335 3381 443 3463 paullo
469 3383 562 3465 ante,
595 3402 665 3464 cap.
692 3381 730 3446 15
753 3385 850 3463 extr,
879 3381 997 3444 inferii
1025 3381 1128 3445 cretio
1154 3380 1204 3444 vel

70 3483 130 3548 ullo
152 3486 367 3552 additamento
388 3489 439 3554 vel
460 3490 521 3554 hoe
543 3491 630 3554 exitu
652 3490 686 3554 in
709 3495 788 3554 CDP
812 3489 1082 3573 amplificaretur:
1109 3511 1203 3570 προ-

69 3595 263 3672 θυμότατα
284 3597 330 3664 ev
352 3600 537 3666 δέξαιντο
559 3602 628 3666 τὸν
652 3601 749 3680 ὑπὲρ
770 3604 836 3679 τῆς
855 3599 1044 3680 πατρίδος
1067 3601 1204 3676 ἀγῶνα

69 3705 129 3768 καὶ
150 3707 316 3786 μηδενὸς
338 3707 651 3786 ύναγκάςαντος;
680 3731 761 3794 quae
788 3708 829 3774 ed
851 3707 1093 3774 similitudinem
1115 3731 1204 3792 pree·

68 3831 192 3893 grossae
213 3815 368 3880 orationis
390 3816 592 3884 Hostiliauec
614 3820 752 3884 conficta
773 3821 849 3882 sunt
877 3819 996 3882 omnia.
1041 3817 1131 3882 Nihil
1153 3819 1204 3882 de

67 3941 134 3985 esse
163 3923 347 4010 intelleges,
376 3927 430 3991 ubi
457 3949 522 3992 non
551 3928 593 3992 ab
621 3930 654 3994 εἰ
682 3929 754 3995 οὖν
777 3929 931 4012 protasim
958 3927 1096 4010 ordiere,
1127 3949 1204 3992 sene

67 4029 154 4095 illam
175 4033 304 4117 apodosi
327 4036 515 4121 carituram,
551 4038 606 4102 sed
633 4041 781 4121 suscepta
808 4059 866 4122 pro
894 4037 944 4100 his
973 4037 1084 4116 εἴπερ
1106 4037 1203 4120 parti·

66 4141 136 4205 cula
157 4147 341 4228 mutataque
363 4145 621 4230 interpunctione
636 4147 677 4212 ad
691 4147 776 4212 hanc
792 4147 984 4212 concinnem
999 4145 1205 4210 construendi

65 4249 303 4335 simplicitatem
324 4254 446 4338 relique
469 4256 683 4322 revocaveris:
705 4259 897 4338 μαντεύομαι
919 4259 955 4321 δὲ
969 4257 1020 4320 καὶ
1035 4257 1108 4335 περὶ
1127 4255 1204 4322 ἐκεί-

65 4381 131 4426 νων
155 4362 209 4426 olc
230 4364 280 4427 καὶ
302 4365 461 4443 περὶτῶν
483 4367 663 4446 ἡμετέρων,
684 4367 796 4448 εῐπερ
823 4367 897 4432 εἰςίν
920 4366 1010 4431 οἵους
1033 4365 1204 4446 ἀκούομεν,
