2982 5146
279 318 338 381 152
574 333 825 380 cononnARlvn
849 331 1114 381 msevxaxlouls

810 595 882 674 §8.

388 731 442 793 lle
470 731 661 793 librorum
689 729 946 794 multitudine
974 729 1012 791 in
1042 728 1301 792 bibliothecis

543 839 830 902 Alexandrinis
853 838 1156 902 reconditorum.

227 1013 259 1061 34
363 993 410 1056 De
432 992 584 1054 librorum
607 991 848 1076 1nultitudine*)
878 1012 1005 1073 prorsus
1032 1012 1148 1074 graeco
1176 991 1324 1073 scriptori
1345 1014 1408 1054 cum

277 1103 379 1165 latino
409 1102 567 1165 convenit.
612 1101 657 1164 Vt
690 1106 774 1164 certe
803 1123 819 1163 e
848 1100 987 1184 vulgatis
1020 1100 1148 1162 interim
1180 1101 1305 1183 graec-is
1337 1102 1409 1163 nihil

279 1211 514 1294 probabilitatis
538 1209 736 1292 Bernhardyi
766 1209 958 1272 dubitationi
982 1209 1128 1291 accedat,
1157 1209 1209 1292 qui
1240 1211 1411 1292 corruptela

279 1320 424 1382 laborare
439 1325 617 1383 voluminum
632 1326 861 1382 cornmistorum
884 1325 1166 1396 quadripartita
1179 1325 1264 1381 milia
1285 1320 1410 1400 putabat

280 1452 310 1512 p.
335 1430 395 1493 831
426 1432 458 1492 et
485 1429 638 1491 minorem
670 1429 806 1510 aliquem
836 1450 1000 1490 nannetum
1028 1428 1219 1512 requirebat.
1263 1428 1302 1490 ln
1334 1429 1413 1492 cuim

279 1539 557 1603 ratiocinationem
572 1538 689 1621 optime
706 1537 899 1620 quadrarent
914 1538 1001 1600 velut
1017 1536 1043 1616 β’
1057 1539 1217 1617 μυριάδεεῑ
1240 1537 1272 1600 id
1288 1537 1368 1620 quod
1384 1539 1412 1600 in

279 1646 308 1728 μ’
323 1671 392 1729 μυρ.
414 1648 566 1711 facillime
588 1647 797 1710 transiturum
818 1649 896 1709 erat.
935 1646 995 1710 Sed
1020 1650 1161 1729 praestat
1182 1669 1247 1709 non
1270 1647 1412 1710 hariolan¹

280 1758 372 1820 etde
395 1757 473 1839 ipsis
495 1757 693 1840 argumentis
716 1755 987 1838 Bernhardyanae
1010 1755 1235 1838 disputationis
1258 1778 1413 1838 (prraerere.

283 1867 386 1948 Atque
414 1887 635 1946 acceperamus
664 1888 721 1928 nos
756 1865 880 1948 quidem
909 1873 1071 1929 commisto
1099 1871 1251 1928 volumino
1284 1865 1317 1928 in
1352 1888 1413 1927 eam

281 1978 420 2058 partem,
455 1979 490 2037 ut
519 1976 563 2037 eis
592 1975 765 2037 indiscreta
799 1973 1118 2057 comprehenderetur
1150 1974 1302 2036 librorum
1331 1977 1415 2057 copia

281 2084 428 2147 universa
460 2107 524 2147 non
560 2084 694 2148 exclusis
727 2084 863 2168 geminis
899 2084 1060 2166 ternisque
1095 2083 1186 2146 unius
1221 2084 1414 2168 eiusdemque

281 2194 391 2276 scripti
415 2194 582 2276 exemplis:
609 2195 722 2276 quibus
744 2193 870 2276 quidem
894 2193 1029 2256 exclusis
1057 2193 1211 2275 reliquum
1239 2194 1338 2256 fnisse
1359 2217 1414 2256 me-

281 2304 418 2366 diocrem
447 2325 613 2366 numerum
639 2309 816 2382 sinrpIIcium
845 2315 873 2365 et
895 2309 1077 2380 clipeatorum
1101 2302 1306 2365 voluminum.
1353 2303 1414 2366 Dis-

281 2413 393 2495 plicuit
415 2412 495 2475 haec
517 2413 741 2495 interpretatio
757 2412 880 2475 censori
898 2414 1073 2494 complures
1096 2412 1137 2474 ob
1158 2434 1297 2475 caussas.
1330 2413 1415 2474 Mitto

281 2543 361 2604 (prae
387 2522 425 2584 de
454 2523 647 2585 bibliotheca
675 2521 875 2604 Pergamena
903 2523 936 2584 in
965 2521 1105 2584 diuersas
1132 2525 1240 2604 partes
1268 2522 1414 2604 discepta-

283 2632 401 2692 vimus:
425 2631 512 2693 cuius
529 2632 624 2695 elnon
646 2633 797 2709 μυριάδα(
820 2633 948 2711 βιβλίων
971 2632 1095 2706 ἁπλῶν,
1118 2631 1158 2694 ab
1174 2632 1320 2695 Antonio
1336 2632 1414 2694 (leo

282 2743 393 2822 patrae
416 2739 551 2802 donatas
573 2745 653 2802 teste
676 2740 863 2822 Plutarcho,
888 2741 987 2804 voluit
1010 2741 1063 2804 ille
1085 2763 1152 2804 esse
1175 2741 1312 2804 ducenta
1335 2742 1413 2803 milia

282 2849 433 2912 librorum
446 2855 620 2929 simpliciter
634 2863 884 2928 compatrinorum.
916 2851 1112 2933 Quamquam
1128 2851 1179 2912 n'x
1202 2872 1329 2932 possum
1347 2851 1414 2934 quin

283 2981 409 3042 prorsus
443 2959 511 3021 sine
545 2959 651 3042 aliqua
684 2960 848 3022 notatione
882 2961 969 3022 illam
1004 2960 1246 3041 explicationem
1285 2965 1413 3042 praeter-

283 3068 423 3130 mittam:
448 3068 525 3130 adeo
542 3091 605 3131 non
622 3069 713 3130 modo
730 3091 767 3130 ea
783 3070 890 3130 onmia
907 3070 1054 3151 neglecta
1072 3069 1176 3150 video,
1201 3068 1315 3151 quibus
1336 3069 1414 3131 illan

283 3177 386 3257 ipsam
409 3176 705 3259 interpretationem
729 3181 929 3258 praevertere
952 3178 1135 3241 studueram
1150 3201 1180 3259 p.
1197 3179 1238 3241 27
1264 3177 1345 3265 [24],
1368 3177 1413 3239 sed

284 3286 360 3348 illud
385 3291 510 3368 praeter
534 3291 638 3349 cetera
662 3309 725 3349 non
755 3287 924 3370 intellego,
955 3288 1029 3370 quid
1053 3288 1182 3350 tandem
1203 3309 1330 3350 movere
1353 3286 1413 3349 l'al-

285 3395 398 3458 visiurn
426 3395 509 3477 apud
532 3396 615 3457 Plut.
641 3397 763 3459 Aulon.
789 3419 815 3459 c.
839 3397 880 3459 58
909 3397 1064 3478 potuerit,
1094 3400 1214 3459 utnon
1238 3397 1415 3479 simpliciter

285 3505 400 3582 βιβλία,
424 3526 532 3566 verum
548 3505 634 3568 ἁπλᾶ
658 3507 758 3585 βιβλία
775 3528 879 3568 coram
896 3509 1010 3569 senatu
1026 3510 1295 3568 commemoraret.
1329 3505 1413 3570 Cuius

233 3627 266 3675 35
285 3613 493 3674 additamenti
518 3615 577 3675 etsi
600 3637 712 3676 sanum
737 3615 901 3678 eonsilium
925 3638 989 3678 non
1012 3615 1184 3698 perspicio,
1209 3618 1316 3677 tamen
1332 3615 1413 3678 mitto

286 3721 501 3784 Plutarchmn.
546 3723 657 3806 Itaque
682 3746 752 3786 cum
780 3729 872 3787 terna
900 3730 1094 3808 quaternave
1123 3725 1319 3806 singulorum
1348 3723 1412 3786 seri-

285 3835 411 3912 ptorurn
439 3832 583 3914 exempla
612 3833 708 3895 videri
737 3834 951 3896 Alexandriae
981 3834 1139 3896 exstitisse
1167 3833 1330 3896 dixissem:
1362 3833 1411 3894 hoe

285 3963 344 4004 nec
368 3945 475 4003 certo
504 3941 770 4005 demonstrari
799 3966 890 4025 posse
918 3944 1035 4006 obiecit
1064 3964 1176 4006 censor
1202 3966 1233 4026 p.
1259 3945 1334 4023 830,
1362 3961 1411 4004 nee

354 4239 376 4290 *ι
398 4238 447 4305 [Dc
470 4239 521 4291 hac
545 4255 654 4304 qnoque
677 4239 738 4292 ride
762 4238 817 4290 aliu
838 4242 922 4303 atque
946 4238 1054 4290 diversa
1077 4239 1237 4304 sequentem
1256 4237 1368 4291 Keiliun
1383 4251 1409 4300 p.

287 4333 335 4380 ’246
354 4331 426 4396 sqq]
