2976 5140
297 357 358 421 6118
682 375 729 422 ma
752 375 822 423 ono
845 377 889 422 nr
912 375 1054 424 onronu.

297 531 451 613 gumenta
473 529 640 612 petantur,
670 551 750 612 quae
779 550 844 593 non
867 528 967 592 libera
996 531 1071 592 sunt
1092 529 1303 614 dubitatione,
1327 531 1408 594 subsi-

297 638 445 702 stendum
472 638 507 702 in
530 639 670 721 priorum
692 639 872 702 litterarum
899 639 1004 722 priore
1026 661 1148 723 quoque
1177 661 1287 704 vocum
1309 641 1408 718 ordine.

298 749 506 832 posteriorum
530 753 636 812 autem
659 749 704 812 eis
727 749 871 832 vocitem,
896 772 973 834 quas
996 749 1031 813 111
1053 749 1188 814 Eudemi
1211 751 1307 815 lexico
1325 750 1410 814 rheto-

297 859 364 922 rico
395 859 460 944 legi
489 857 626 922 Bekkeri
655 859 695 922 ad
724 861 918 939 (υναγωγήν
953 860 1119 924 adnotatio
1151 863 1295 924 testetur.
1337 860 1410 923 Haec

298 973 405 1032 autem
428 992 507 1054 quae
532 973 618 1033 certa
641 973 730 1051 sunt,
766 971 917 1054 quoniam
943 993 1008 1033 una
1033 993 1103 1034 cum
1125 970 1294 1054 Excerptis
1313 970 1412 1034 Vindo

298 1080 492 1143 bonensibus
516 1080 599 1162 apud
627 1079 786 1144 Suidam
815 1085 930 1144 cuncta
958 1083 1101 1162 exstant,
1138 1081 1333 1165 consequitur
1360 1102 1412 1143 non

298 1191 339 1254 ab
366 1191 453 1253 omni
480 1195 572 1273 parte
600 1213 709 1253 verum
731 1213 800 1254 esse
822 1190 1029 1255 Valckenarii
1056 1191 1094 1254 de
1123 1197 1231 1255 Indice
1255 1198 1412 1271 serpiterna

298 1305 411 1365 Saldae
436 1308 576 1380 praefixo
599 1301 765 1386 iudicium,
795 1301 844 1364 his
868 1301 1029 1384 proditum
1051 1301 1260 1365 adnotatione
1281 1301 1312 1365 in
1330 1300 1413 1364 Theo

299 1410 370 1474 criti
393 1410 548 1474 Adoniaz.
572 1433 603 1493 p.
627 1411 688 1474 291
712 1417 753 1474 A:
791 1423 838 1490 ut,
869 1418 943 1490 quid
968 1418 1110 1490 sentium,
1139 1419 1254 1492 paucis
1274 1418 1412 1484 declarem,

283 1525 423 1586 ‚Sur'rlom
452 1543 507 1599 epo
534 1528 653 1599 quidem
681 1528 782 1587 iudico
808 1528 923 1586 nullum
951 1528 1059 1586 vidisse
1080 1525 1277 1600 lectioonem,
1305 1542 1373 1600 quae
1390 1528 1413 1582 111

294 1636 400 1707 fronte
427 1638 499 1695 libri
526 1645 737 1696 memoramur.
784 1632 841 1698 Cui
873 1633 970 1696 affine
999 1636 1063 1713 est,
1097 1631 1180 1715 quod
1214 1630 1359 1715 Hesychii
1383 1635 1416 1690 ad

298 1745 456 1818 Europum
478 1748 636 1820 epistolam
659 1764 723 1805 una
747 1765 818 1806 cum
839 1742 997 1827 Appionis
1020 1745 1053 1806 et
1067 1741 1234 1806 Heliodori
1257 1741 1414 1805 nominibus

298 1852 338 1913 ab
362 1850 502 1914 eiusdem
530 1851 615 1915 illius
638 1852 844 1916 Valckenarii
868 1851 1090 1916 criminatione
1119 1849 1414 1936 (11.299111111111,

297 1965 333 2024 ut
366 1961 445 2024 mihi
477 1983 662 2044 persuasum
697 1967 760 2044 est,
795 1984 941 2026 successu
974 1961 1119 2025 Rankius
1153 1961 1333 2026 vindicavit.
1378 1959 1415 2022 lle

298 2071 441 2134 Eudemo
485 2076 591 2134 autem
631 2072 713 2155 quod
752 2073 793 2135 ab
826 2071 914 2135 omni
952 2075 1044 2155 parte
1082 2075 1205 2135 certum
1242 2073 1304 2149 est,
1349 2090 1415 2133 noro

298 2182 374 2244 lieet
396 2187 585 2265 argumento
608 2185 667 2246 hoc
690 2182 852 2246 declarare
876 2182 975 2266 quod,
1000 2203 1080 2266 quae
1106 2184 1257 2265 quattuor
1282 2201 1415 2265 procer·

247 2310 278 2357 ro
297 2291 362 2354 bia
397 2292 437 2355 ab
466 2291 608 2356 Eudemo
636 2296 776 2356 tractata
805 2314 872 2356 csse
898 2292 1037 2356 Michael
1063 2292 1249 2375 Apostolius
1274 2290 1414 2376 significat

299 2403 398 2484 por.
419 2403 487 2466 108.
514 2404 583 2465 114.
607 2403 670 2467 258
686 2425 732 2486 sq.
758 2405 800 2487 [p.
818 2402 891 2466 339.
908 2403 981 2466 425.
1005 2402 1078 2467 507.
1104 2401 1166 2466 716
1189 2399 1238 2466 ed.
1261 2397 1413 2484 Leutschl.

299 2534 335 2575 ea
365 2535 435 2576 curn
463 2511 597 2576 Eudemi
626 2513 830 2576 enarratione
858 2512 977 2596 partim
1005 2512 1168 2594 mutilata,
1208 2513 1325 2595 partim
1352 2510 1415 2573 inle-

298 2623 404 2705 griore
437 2622 520 2685 idem
558 2622 612 2686 ille
652 2623 791 2706 suscepit
831 2621 944 2687 Suidas
983 2645 1012 2686 v.
1042 2626 1123 2706 γαλῇ
1165 2624 1279 2704 χιτών,
1314 2621 1414 2696 εὐγενέ-

299 2753 408 2811 (τεροε
438 2733 577 2816 Κόδρου,
607 2734 742 2814 Λιβυκὸν
771 2733 899 2813 θηρίον,
934 2734 1131 2813 Φρυνώνδας
1166 2730 1310 2818 [quorum
1335 2730 1415 2792 altero

299 2845 330 2905 et
357 2845 470 2926 quarto
497 2865 538 2906 ne
567 2865 684 2906 nomen
710 2843 838 2926 quidem
863 2841 999 2906 Eudemi
1027 2841 1248 2930 desideratur].
1300 2841 1414 2916 Quorum

299 2952 446 3015 ultimum
468 2956 594 3016 tantum
617 2954 747 3016 transiit
769 2953 804 3017 111
821 2955 1013 3031 (υναγωγήν
1036 2974 1067 3035 p.
1086 2952 1159 3034 409,
1184 2951 1226 3015 29
1249 2950 1414 3015 Bachai-

299 3062 360 3126 Sal
392 3063 430 3126 de
465 3063 594 3146 reliquis
628 3067 756 3145 praeter
785 3063 961 3126 Eudemum
994 3061 1109 3127 Suidae
1141 3061 1287 3125 fontibus
1318 3063 1349 3124 in
1376 3057 1414 3120 111-

299 3171 368 3235 dice
391 3173 445 3235 illo
467 3173 597 3255 positia,
621 3173 785 3256 Eugenio‚
815 3172 979 3254 Helladi0,
1003 3172 1144 3254 Zosimo,
1175 3170 1327 3253 Caecilio,
1353 3170 1415 3232 lon·

299 3282 376 3365 gino
404 3283 528 3364 Cassio,
553 3283 712 3365 Luperco,
746 3282 897 3366 Vestino,
929 3282 1049 3346 Pacato
1077 3283 1143 3346 sive
1169 3281 1317 3364 Irenaeo,
1343 3279 1414 3343 Pam·

299 3392 403 3474 phile,
428 3392 572 3455 Pollione
595 3393 669 3476 quid
692 3392 896 3456 statuendum
919 3393 976 3474 sit,
1007 3415 1073 3456 non
1095 3395 1200 3475 potest
1222 3391 1286 3456 nisi
1307 3406 1413 3474 operoa

300 3502 570 3586 pervestigatione
598 3502 763 3586 indagari:
806 3525 900 3586 qnam
935 3506 1045 3600 tamen
1079 3505 1210 3586 proptcr
1237 3499 1414 3584 Pamphilum

301 3635 365 3675 non
400 3612 537 3675 debebat
564 3612 710 3675 Ranlrius
743 3612 994 3696 perhorrescere.
1040 3612 1109 3676 Nec
1139 3616 1215 3676 ante
1237 3611 1412 3676 exanclatum

300 3722 389 3785 illam
416 3743 546 3805 operam
574 3722 714 3786 iudicare
741 3721 818 3785 illud
848 3723 923 3786 licet
951 3722 1044 3806 quale
1078 3723 1135 3804 sit,
1170 3721 1254 3805 quod
1283 3743 1300 3784 e
1325 3718 1413 3783 lexico·

300 3833 432 3916 graphis
461 3833 501 3895 ab
530 3832 599 3914 ipso
622 3832 719 3897 Suida
748 3831 930 3895 memoratis
958 3833 1053 3896 unius
1076 3832 1241 3897 Orionis
1264 3831 1413 3895 lexicuna

300 3944 441 4026 praefixo
464 3943 654 4025 scriptorum
681 3942 787 4005 indice
810 3942 916 4005 abest:
954 3941 993 4005 dc
1015 3963 1077 4026 quo
1099 3939 1331 4006 Valckenarius
1355 3933 1412 3998 111111

302 4075 331 4135 p.
356 4052 418 4116 298
441 4057 479 4114 B.
504 4090 545 4100 -
568 4052 732 4115 Postremo
750 4052 909 4115 Eudemus
932 4074 995 4135 qua
1018 4055 1123 4115 aetate
1146 4051 1262 4115 vixisse
1285 4050 1412 4114 nictentur.

301 4184 337 4225 ea
361 4164 412 4225 via
435 4163 640 4245 patefaciam,
665 4185 760 4246 quam
783 4185 813 4245 p.
842 4164 877 4225 ll
903 4162 1158 4226 commendatam
1181 4161 1242 4245 ipsi
1266 4161 1329 4226 Oro
1347 4153 1412 4219 adti-

301 4271 364 4334 bui.
409 4272 514 4355 Igitur
544 4295 615 4336 cum
644 4271 678 4335 in
714 4273 924 4335 excitatorum
952 4271 1207 4336 testimoniorrun
1235 4265 1413 4334 multitudine

301 4404 366 4444 non
390 4382 539 4446 mediocri
562 4387 670 4446 tamen
694 4383 862 4446 Aeliano
890 4383 1100 4446 recentiorem
1128 4381 1314 4466 scriptorem
1335 4371 1413 4440 Eude-
