2982 5146
280 359 337 425 132
573 375 823 426 cononnsmvn
848 374 1116 426 msnnrnrrorns

277 553 347 594 rum
364 527 614 614 Byzantinarum
637 531 849 613 ostendamus,
875 529 1059 594 illiusmodi
1082 530 1203 594 nomini
1220 529 1403 613 parcendum

276 642 341 704 sit?
385 641 500 704 Exstat
528 643 560 704 in
590 642 772 705 lllatritensi
804 642 910 703 codice
939 641 1103 704 Heliodori
1132 642 1259 721 ὁριεμό(
1287 647 1402 722 φωνῆς

276 753 326 815 his
349 752 452 814 verbis
476 753 734 834 comprehensus:
766 755 861 833 φωνή
884 754 966 816 ε’(τιν
990 753 1052 832 ἀὴρ
1074 754 1314 830 πεπληγμένοι,
1336 753 1355 829 ἢ
1375 753 1405 815 τὸ

275 863 357 927 ἴδιον
373 864 520 941 arcentor
537 863 652 940 ἀκοῆς,
670 865 688 940 ἢ
706 864 864 942 ἔναρθρόν
879 884 907 927 τι
922 862 987 926 ἀπὸ
1003 862 1147 928 διανοίας
1161 863 1405 941 ἐκπεμπόμενον.

275 972 505 1035 Tribuebanms
534 972 613 1034 heroo
643 971 823 1055 Byzantina
852 973 1079 1055 grammatico:
1113 972 1217 1054 magis
1245 973 1405 1035 convenire

275 1083 309 1145 iu
338 1084 383 1145 rei
412 1083 563 1145 metricae
591 1086 753 1144 auctorem
785 1083 852 1146 visa
886 1087 960 1144 sunt
989 1081 1207 1166 Bernhardyo.
1248 1082 1407 1166 Largimur

229 1211 233 1218 ’
276 1193 336 1255 hoo
359 1193 405 1255 ita
433 1214 546 1274 posse
574 1215 657 1256 osse:
686 1194 740 1254 sod
769 1191 850 1275 quod
880 1192 990 1254 eadem
1018 1192 1135 1254 rectius
1158 1193 1254 1255 etiam
1278 1193 1405 1276 Diogeni

277 1302 469 1385 Babylonio,
495 1302 602 1366 Stoico
626 1302 829 1385 philosopho,
854 1303 900 1365 ait
922 1303 955 1365 in
976 1301 1118 1365 Drameri
1140 1302 1262 1366 Aneod.
1286 1305 1346 1366 Dr.
1369 1301 1404 1364 D'

277 1435 307 1494 p.
332 1413 393 1475 316
416 1436 462 1495 sq.
487 1413 601 1494 tribui,
632 1413 663 1474 id
692 1435 752 1492 neo
781 1435 837 1495 per
866 1435 899 1474 se
922 1413 963 1474 ab
985 1413 1070 1474 oumi
1100 1417 1191 1495 parte
1214 1435 1323 1476 vernn]
1353 1417 1406 1474 est:

276 1545 350 1584 nam
375 1523 480 1604 priora
502 1528 628 1585 tantum
651 1522 716 1585 illie
740 1526 884 1604 exstant,
908 1523 1032 1585 omissis
1055 1525 1074 1601 ἢ
1098 1523 1258 1602 ἔναρθρον
1280 1545 1309 1586 e.
1327 1546 1356 1606 q.
1372 1545 1406 1582 s:

277 1655 335 1694 noe
363 1655 418 1695 eur
447 1634 593 1695 rectius
622 1633 689 1696 lieri
719 1633 858 1716 dicatur,
894 1634 957 1695 ullo
986 1636 1175 1716 argumento
1198 1633 1406 1716 intellegitur:

275 1765 335 1805 nee
360 1745 463 1804 valere
486 1743 525 1805 ad
549 1743 782 1805 sollieitamlum
810 1743 972 1806 Heliodori
1003 1765 1119 1805 nomen
1150 1746 1270 1825 potest:
1301 1743 1406 1826 qnippe

276 1852 411 1914 eandem
439 1853 656 1916 definitionem
679 1854 864 1936 saepissime
888 1854 1028 1917 videnms
1054 1875 1111 1934 per
1134 1853 1287 1935 plurimos
1321 1853 1407 1915 libros

226 1973 254 2018 11
277 1966 309 2024 et
325 1966 446 2025 aetates
468 1967 690 2046 propagatam.
736 1965 824 2038 Qum
842 1967 946 2025 autem
971 1962 1009 2024 de
1031 1962 1213 2024 lllatritensi
1237 1963 1293 2024 illo
1310 1962 1406 2025 Helio-

275 2073 351 2135 doro
381 2073 489 2156 largiti
518 2095 640 2154 sumus,
670 2074 701 2136 id
731 2097 771 2136 ne
799 2073 825 2136 si
855 2073 1004 2135 vellenms
1033 2072 1161 2154 quidem
1187 2094 1351 2154 possemus
1376 2072 1407 2132 de

276 2183 420 2267 Dionysii
454 2183 586 2246 'Plu-aeis
624 2186 736 2262 τέχνη(
772 2187 983 2262 γραμματικῇ(
1020 2180 1193 2244 solroliasta
1231 2181 1404 2248 Heliodoro.

275 2295 363 2356 onius
392 2317 408 2357 e
439 2295 545 2357 codiee
575 2294 738 2355 llareiano
766 2294 982 2376 fragmentum
1011 2291 1205 2354 Villoisonus
1234 2292 1356 2354 Aneed.
1383 2288 1405 2351 ll

276 2427 306 2485 p,
334 2405 393 2468 125
416 2405 558 2487 protulit.
604 2404 693 2477 (laod
718 2407 752 2465 ut
774 2404 912 2486 aliquam
939 2401 1180 2464 similitudinem
1204 2401 1326 2464 habeat
1347 2422 1406 2463 enm

275 2513 355 2576 alius
378 2515 562 2596 interpretis
586 2513 690 2575 verbis
713 2513 746 2575 in
774 2512 870 2575 llekk.
890 2511 1010 2575 Aneed.
1034 2535 1065 2594 p.
1090 2513 1166 2576 791:
1190 2515 1289 2595 atque
1311 2517 1358 2574 est
1377 2531 1405 2572 ea

275 2646 352 2684 sano
375 2625 504 2706 exigna:
533 2627 641 2685 tamen
665 2645 702 2684 ex
726 2645 762 2684 oo
793 2645 832 2684 ne
857 2621 1098 2706 Bernhardynnr
1122 2622 1249 2705 quidem
1278 2621 1406 2706 putarim

275 2733 459 2815 (praequam,
483 2733 565 2816 qnod
589 2738 700 2795 eontra
717 2732 932 2815 Byzantinum
950 2733 1154 2796 Heliodorum
1170 2731 1304 2811 valeret,
1330 2730 1403 2795 eolli-

275 2953 403 3014 adortns
420 2956 481 3034 est,
508 2956 541 3014 ut
564 2954 728 3015 demedio
751 2953 903 3015 tolleret?
946 2951 1051 3015 Nullis
1074 2953 1127 3014 ille
1144 2952 1291 3035 quidem,
1316 2973 1406 3033 neque

275 3062 423 3125 removit:
453 3061 507 3124 sed
537 3063 636 3125 nihilo
664 3067 770 3126 tamen
801 3063 906 3124 minus
934 3062 1012 3124 illul
1040 3083 1157 3124 nomen
1182 3084 1201 3123 a
1225 3059 1405 3126 Christianis

276 3171 424 3234 videlieet
448 3171 636 3254 Byzantinis
660 3174 813 3236 alienum:
842 3196 880 3234 ao
909 3176 1038 3254 propter
1066 3172 1126 3234 hoc
1159 3172 1263 3254 ipsum
1299 3168 1404 3235 reicula

275 3280 440 3344 Heliodori
466 3281 634 3365 Dynantirri
664 3284 825 3344 menania.
873 3281 935 3343 Vix
959 3282 1069 3344 ermlas
1094 3283 1306 3344 certissimum
1329 3279 1403 3344 testi·

274 3391 414 3454 monium
444 3394 627 3473 posthaberi
661 3393 803 3455 incertae
832 3392 862 3454 h.
894 3413 921 3453 e.
952 3396 1064 3474 suapte
1098 3397 1212 3454 natura
1246 3393 1404 3475 ambigam

274 3502 416 3582 opinioni
441 3503 595 3582 potuisse,
626 3525 706 3584 (prae
729 3502 767 3563 ad
793 3502 974 3564 universum
1001 3525 1102 3584 genus
1125 3502 1251 3585 aliquod
1275 3501 1403 3586 spectat:

1474 2079 1475 2100 r

274 2862 351 2924 gere
387 2843 570 2928 voluisset).
631 2843 751 2916 Quibus
788 2843 888 2925 igitar
932 2844 1016 2905 lmno
1054 2847 1219 2925 praeterea
1257 2841 1406 2906 machinis

274 3610 375 3691 ‹pralis
404 3611 530 3692 quidem
558 3611 666 3693 opinio
695 3613 776 3674 ando
805 3612 935 3674 tamlem
966 3611 1026 3674 nisi
1055 3635 1092 3674 ox
1122 3617 1279 3675 certarum
1311 3629 1404 3674 remur

274 3719 423 3799 prudenti
440 3720 662 3783 observatiam·
680 3723 829 3802 eapitm?
874 3722 934 3784 Sal
959 3723 1034 3784 lieet
1057 3723 1187 3784 alterins
1210 3721 1357 3806 progredi
1378 3721 1401 3778 et
1470 3741 1471 3746 ¹

341 3934 365 3998 a)
385 3933 483 3999 [Quam
503 3935 595 3984 neriae
614 3932 669 3984 sint
692 3933 717 3983 in
738 3932 902 3984 selroliornm
926 3932 1066 3999 linangine
1087 3931 1210 4000 Dionysii
1229 3935 1338 4001 Τέχνην
1354 3932 1401 3983 illn-

275 4026 422 4077 arantium
446 4043 584 4090 qrnnnqne
609 4027 663 4077 late
688 4027 816 4092 patentes
835 4024 975 4077 lloliodori
998 4030 1103 4093 part-os,
1127 4027 1280 4080 elmissima
1297 4042 1364 4079 nune
1379 4021 1400 4072 in
1469 4037 1470 4044 ¹

275 4119 333 4169 lnee
347 4119 454 4170 t'urtins
469 4118 695 4170 Waelrsmnllrius
714 4119 804 4185 posuit
819 4136 933 4170 excusso
953 4119 1047 4171 (aulico
1061 4119 1215 4172 Borlionieo
1228 4123 1399 4182 enarratum·

276 4209 360 4261 Husoi
380 4211 465 4263 lt-lren.
486 4211 551 4279 plril.
566 4213 585 4262 t.
601 4211 647 4262 XX
667 4229 692 4278 p.
708 4217 764 4264 377.
780 4217 921 4264 :ull-388.
959 4215 1035 4274 Quae
1054 4213 1214 4265 testimonia
1227 4213 1249 4263 si
1263 4213 1295 4265 H.
1310 4208 1399 4264 neilus

274 4303 329 4354 iam
342 4304 454 4370 cognita
466 4304 621 4362 habuisset,
639 4304 683 4355 rix
697 4302 792 4356 annno
806 4304 870 4369 quin
884 4305 977 4371 paullo
991 4306 1072 4358 aliter
1085 4305 1118 4357 de
1132 4306 1250 4358 Tnetaae
1263 4302 1397 4357 Heliodoro
1468 4319 1469 4340 r

275 4395 417 4447 statuisset
435 4397 523 4448 lllnsei
541 4397 627 4448 leen.
647 4397 710 4448 novi
728 4396 766 4447 vl
784 4415 810 4462 p.
833 4403 879 4448 132
899 4399 949 4462 νη]
