2976 5140
434 359 481 440 on
504 395 574 440 ono
598 395 642 440 nr
665 395 807 440 (inians.
1129 377 1191 442 633
1298 425 1306 438 .

68 551 167 626 μαίνον
193 550 251 627 τὴν
278 549 422 629 τροφήν,
455 549 506 611 καὶ
538 548 590 612 διά
611 551 670 611 τοῦ
703 569 712 610 ι
745 547 903 629 γράφεται
934 552 980 631 τῷ
1014 548 1102 630 λόγῳ
1131 551 1191 612 τοῦ

68 659 167 738 θλίβωτ
188 657 240 721 nt.
266 657 347 722 Gud.
372 679 403 740 p.
427 657 501 739 321,
524 657 545 720 6
567 657 692 740 plonius
715 677 810 740 quam
832 656 909 720 Ζοιι.
934 679 965 740 p.
985 657 1067 720 1210
1089 659 1121 719 et
1136 657 1217 730 nt..

68 767 105 830 M.
125 789 154 850 p.
175 769 247 850 512,
271 767 324 831 49.
369 765 417 830 De
440 767 538 848 θλίβω
562 767 603 830 of.
628 765 681 830 nt.
705 766 749 830 M.
774 789 805 850 p.
821 767 895 850 454,
913 767 945 850 4,
970 767 1051 830 Gud.
1068 789 1099 850 p.
1116 767 1190 850 554,

68 877 111 940 r2.
137 915 174 926 -
200 879 292 956 Λέγει
319 877 433 959 Ὦροε,
462 879 514 942 διὰ
541 877 721 958 διφθόγγου
749 877 878 956 ῥειτόε
905 877 956 942 καὶ
983 878 1143 944 ὀξύνεται·
1172 879 1191 941 ὁ

68 989 319 1071 δλἩρωδιανόε,
348 987 400 1053 διὰ
427 991 485 1052 τοῦ
514 1009 524 1050 ι
552 988 640 1067 ῥῑτοτ
668 989 717 1051 καὶ
745 987 913 1068 βαρύνεται
936 987 980 1052 ὼε
1009 991 1108 1053 citor:
1136 987 1190 1051 EM.

70 1097 106 1160 M.
127 1119 155 1180 p.
178 1098 256 1184 103,
283 1099 333 1162 14.
355 1133 398 1148 -
420 1098 572 1178 Τερθρεία
592 1119 651 1148 --·
676 1097 695 1162 ὁ
717 1099 753 1162 δὲ
770 1097 871 1177 Ὠροε
893 1098 912 1163 ὁ
936 1099 1086 1178 Μιλήειοε
1108 1099 1193 1175 λέγει

68 1207 108 1270 ὄπ
127 1230 150 1271 κ
169 1229 193 1272 τ.
216 1211 244 1272 λ.
289 1209 488 1289 Φερεκράτηε
510 1209 684 1291 τερθρία,
710 1209 811 1293 πνοήε
834 1207 887 1272 nt.
904 1207 948 1271 M.
966 1231 997 1292 p.
1015 1209 1087 1291 153,
1104 1209 1135 1272 3.
1150 1245 1193 1256 -

68 1315 120 1380 Sed
144 1317 181 1382 sd
209 1319 295 1398 πάθη
325 1319 409 1382 δεινά
437 1318 503 1382 scio
530 1340 573 1382 on
595 1318 715 1382 maiore
743 1319 811 1382 iuro
839 1339 935 1403 qaam
965 1319 1006 1382 ad
1028 1318 1193 1402 orthogra-

69 1426 162 1508 phiam
188 1429 372 1492 referantur
400 1427 480 1492 haec
506 1428 559 1492 Et.
590 1429 633 1491 Μ.
658 1451 689 1512 p.
714 1429 792 1511 114,
822 1429 878 1492 34:
912 1431 1028 1494 εῑτοε·
1062 1430 1147 1506 λέγει
1174 1431 1193 1494 ὁ

67 1539 203 1620 τεχνικός,
227 1539 278 1604 ὅτι
300 1589 422 1605 ......
445 1541 533 1619 παρὰ
546 1540 585 1604 τὸ
605 1540 754 1604 εέτειεται
776 1539 903 1621 τειετόε,
927 1539 1074 1624 ἀποβολῇ
1096 1543 1155 1604 τοῦ
1179 1559 1194 1604 ε

68 1649 180 1714 καὶτοῦ
204 1671 220 1714 ε
242 1653 334 1714 εῖτοε.
371 1651 456 1726 λέγει
477 1651 513 1714 δέ
535 1649 554 1714 ὁ
578 1649 687 1732 Ὦροε,
712 1649 761 1714 ὅτι
782 1651 924 1730 κρεῖττόν
947 1650 1029 1714 έετιν
1053 1649 1119 1714 άπὸ
1134 1654 1194 1714 τοῦ

67 1758 124 1822 τίω
148 1764 207 1824 τοῦ
235 1762 288 1824 διὰ
309 1765 368 1825 τοῦ
396 1783 405 1824 ι
432 1761 643 1842 γραφομένου
670 1761 854 1838 γεγονέναι·
882 1761 945 1825 έετι
971 1761 1033 1839 γάρ
1061 1761 1111 1824 καὶ
1138 1761 1194 1824 τίω

68 1869 110 1932 διά
127 1874 183 1935 τοῦ
208 1891 233 1952 ι,
263 1872 290 1952 ᾧ
313 1875 424 1950 χρῆται
446 1871 628 1951 Ἀνακρέων
656 1893 681 1934 κ.
703 1893 728 1935 τ.
752 1873 779 1935 λ.
805 1873 838 1934 εί
859 1871 978 1934 ibidem
1005 1893 1036 1953 p.
1059 1871 1113 1953 41,
1136 1869 1195 1934 35:

68 1975 210 2056 άκηδία·
231 1982 320 2058 παρὰ
343 1983 380 2045 τὸ
402 1981 537 2060 ἀκηδιῶ,
559 1985 657 2046 τοῦτο
681 1983 768 2060 παρά
790 1984 828 2046 τὸ
851 1981 957 2062 άηδάι,
987 1985 1085 2046 τοῦτο
1108 1981 1196 2059 παρὰ

67 2088 97 2150 τδ
116 2089 188 2168 ἡδύε
210 2091 261 2154 καὶ
283 2091 421 2170 ετερήεει
449 2091 547 2170 ἀηδιίε
576 2093 625 2156 καὶ
647 2093 838 2171 πλεοναερῶ
860 2096 919 2156 τοῦ
946 2114 964 2156 κ
986 2091 1118 2170 άκηδύε,
1137 2077 1196 2154 Ικαὶ

66 2197 209 2265 1ξαύτοῦ
231 2199 345 2280 άκηδία
367 2223 392 2264 κ
415 2222 440 2265 τ.
463 2203 490 2265 λ.
513 2201 617 2266 οὕτω(
639 2201 738 2280 Ὠροε
767 2201 878 2285 (vulgo
901 2201 1038 2282 Ὠρίων).
1083 2202 1196 2264 Ἀπολ-

66 2308 170 2374 λιίινιοε
191 2311 228 2375 δέ
251 2309 270 2374 ὁ
293 2313 333 2375 τά
355 2312 582 2390 Ἀργοναυτικά
602 2313 641 2376 τὸ
663 2316 710 2376 δει
732 2311 783 2375 διά
805 2311 984 2391 διφθόγγου
1012 2311 1122 2394 (vulgo
1149 2315 1196 2374 δει

66 2418 248 2502 δίφθογγον)
269 2421 387 2502 γράφει
409 2443 435 2485 κ.
458 2443 484 2486 τ.
509 2425 536 2486 λ.
581 2420 620 2484 In
643 2401 783 2484 Gudiani
805 2421 910 2484 verbis
932 2443 964 2504 p.
985 2420 1038 2510 25,
1061 2419 1103 2484 25
1127 2420 1196 2483 Μα-

66 2529 220 2597 κεδονικόν
243 2551 319 2610 φηει
339 2532 378 2596 τὸ
400 2531 505 2614 ὄνομα
527 2531 644 2594 excidit
666 2532 765 2611 Ὦροε
788 2553 915 2594 nomen.

139 2640 171 2704 3.
196 2639 305 2704 Tertio
327 2641 397 2704 loco
419 2641 576 2726 singulari
598 2641 756 2704 industria
772 2643 854 2706 Orus
875 2641 1001 2704 videtur
1020 2641 1085 2704 ιίοι
1107 2640 1197 2703 sub-

66 2749 211 2832 scripto
240 2750 443 2833 quaesivisse.
489 2751 565 2814 Tria
592 2751 627 2814 in
651 2755 800 2835 promptu
828 2751 974 2834 exempla
996 2754 1086 2833 sunt,
1118 2771 1198 2834 quas

67 2879 139 2936 oum·
159 2859 253 2925 πάθει
286 2861 355 2924 fieri
391 2861 529 2925 dilucide
563 2861 729 2944 doceatur,
763 2864 872 2924 tamen
900 2882 938 2923 ex
968 2859 1198 2944 orthographia

66 2968 155 3046 perita
190 2991 258 3034 esse
291 2971 411 3054 apertis
445 2974 570 3034 constet
602 2971 805 3035 testimoniis,
860 2971 1002 3034 Zonaras
1035 2993 1066 3052 p.
1101 2971 1197 3033 1010:

67 3075 210 3158 Ἠιεμεν
239 3081 310 3146 ἀντὶ
335 3085 394 3146 τοῦ
422 3085 548 3166 ᾔδειμεν
556 3131 564 3164 ,
595 3085 690 3166 ᾔετην
719 3084 790 3166 ᾐετε
819 3085 897 3166 ῇεαν
924 3083 977 3146 διά
1003 3085 1061 3146 τοῦ
1091 3080 1198 3160 ιγρά-

66 3207 161 3265 φεται.
204 3191 254 3255 καί
276 3191 361 3266 λέγει
383 3191 482 3271 Ὦροε
509 3193 528 3256 ὁ
552 3193 704 3270 Μιλήειοε
733 3193 769 3256 έν
796 3199 833 3274 τῇ
862 3193 960 3274 οἰκείᾳ
982 3191 1082 3256 αὐτοῦ
1105 3191 1200 3269 ὀρθο-

66 3300 183 3382 ίρῦφὶᾳ.
230 3301 294 3365 {cn
315 3303 378 3380 γάρ
400 3301 475 3366 εἴδω
499 3303 550 3380 (τὸ
572 3304 718 3378 γινιίιεκω
741 3301 813 3365 add.
837 3301 950 3366 Favor.
974 3301 1044 3365 Eoi.
1069 3323 1100 3384 p.
1124 3299 1197 3382 236,

66 3405 110 3488 ά),
143 3409 161 3472 δ
189 3410 453 3490 ὑπερευντέλικοε
485 3411 574 3490 είδην
607 3413 657 3476 καί
685 3413 759 3477 κατ’
791 3413 913 3478 έκταειν
934 3413 1076 3490 Ἀττικὴν
1110 3413 1197 3494 ᾔδειν
1215 3427 1248 3474 48

66 3517 143 3597 ᾔδειε
164 3523 244 3604 ᾔδει,
267 3522 306 3585 τὸ
328 3521 481 3602 δεύτερον
503 3527 570 3588 τῶν
592 3527 713 3587 δυῑκῶν
735 3525 862 3606 ᾔδειτον
890 3523 1015 3606 ᾑδείτην
1043 3522 1094 3584 καὶ
1121 3521 1201 3584 κατὰ

68 3632 218 3709 (ϋίκοπήν
241 3635 298 3708 τῆε
321 3653 348 3696 ει
370 3631 548 3711 διφθόγγου
570 3633 620 3696 καὶ
640 3639 745 3715 τροπῇ
768 3636 826 3697 τοῦ
849 3638 867 3697 δ
890 3632 933 3696 είε
959 3653 975 3695 ε
998 3634 1093 3714 ᾔετην
1116 3629 1202 3712 (ἀντὶ

65 3741 120 3798 τοῦ
152 3741 264 3822 ᾖδεεαν
298 3739 458 3804 adduntur
492 3745 620 3825 praeter
652 3743 750 3828 rem),
784 3743 823 3807 τὸ
856 3741 1069 3820 πληθυντικὸν
1106 3742 1201 3824 ᾐεμεν

68 3843 134 3909 ἀντί
152 3855 208 3914 τοῦ
231 3853 358 3934 ᾔδειμεν
364 3901 373 3933 ,
398 3853 470 3935 ᾑετε
493 3851 562 3917 ἀντὶ
582 3855 641 3917 τοῦ
664 3855 766 3936 ᾔδειτε
789 3853 839 3916 καλ
861 3853 939 3936 ῂεαν
963 3851 1033 3917 ἀντὶ
1051 3855 1110 3917 τοῦ
1133 3853 1201 3934 ᾔδε-

67 3974 129 4020 εαν.
150 3997 190 4008 —·
217 3959 326 4043 Etym.
352 3960 396 4024 M.
420 3983 451 4044 p.
483 3962 560 4044 816,
584 3963 642 4025 34:
678 3963 731 4044 Χῲ
759 3963 928 4041 ξυμπόται,
960 3965 1007 4046 χῲ
1041 3963 1201 4036 ευγγενεῑε

66 4063 133 4129 ἀντὶ
158 4074 213 4132 τοῦ
241 4071 292 4134 καὶ
320 4070 352 4135 οἱ
380 4072 534 4151 ευμπόται
562 4073 612 4135 καί
640 4072 670 4136 ολ
699 4077 876 4151 ευγγενεῑε,
905 4075 961 4138 εὺν
984 4079 1029 4156 τῷ
1053 4093 1069 4134 ι.
1115 4070 1201 4134 οὕτω

66 4175 124 4253 τὰρ
145 4179 265 4256 λέγουει
286 4183 326 4246 τὸ
348 4183 406 4260 μὲν
430 4203 439 4244 ι
460 4185 519 4246 τοῦ
543 4183 717 4261 ευνδέεμου
740 4183 939 4264 έκθλίβοντεε
961 4183 1011 4245 καὶ
1033 4184 1201 4245 ποιοῦντεε

66 4287 168 4361 κράειν
192 4295 251 4354 τοῦ
280 4311 321 4356 αο
344 4291 388 4356 εἰε
409 4293 448 4357 τό
471 4315 515 4370 ω,
543 4295 593 4357 καὶ
620 4295 862 4374 προεγράφουει
889 4293 926 4356 τὸ
955 4313 964 4354 ι
992 4295 1047 4368 τῆε
1070 4271 1205 4372 διφθόγῖ

69 4411 141 4472 του,
160 4401 332 4478 τρέποντεε
355 4401 535 4479 άναγκαίωε
558 4403 668 4468 καὶτὸ
691 4425 708 4466 κ
731 4403 775 4467 εἰε
796 4426 833 4484 χ,
864 4401 935 4466 οἷον
962 4405 1011 4484 χῲ
1032 4421 1202 4480 τυμπανιε-
