2990 5140
448 381 484 428 ιιι
509 378 791 427 narsrornnnuu.
1128 360 1191 424 235

49 537 188 598 Aratum
210 555 272 597 nec
293 537 365 616 post
387 532 429 598 ol.
449 533 508 598 118
531 553 590 596 nec
613 531 721 596 multis
744 532 838 595 annio
861 535 936 596 ante
959 533 1070 596 natum
1092 529 1191 594 fuisse

49 645 175 708 constet
199 644 256 726 (cf.
273 642 485 706 Rilochelium
506 665 536 726 p.
554 642 595 708 88
616 645 648 706 et
663 641 761 708 Clint.
778 641 810 705 II
826 664 858 725 p.
874 641 963 726 368),
988 640 1191 724 consequitur

48 754 283 820 Callimachum
304 775 370 818 non
393 755 469 818 ante
493 755 534 818 ol.
554 753 614 818 118
636 757 748 816 natum
771 773 849 816 cose.
887 751 916 816 ll
936 773 998 835 quo
1020 750 1191 815 iudicanda

47 869 123 930 ecurt
152 864 248 946 haec,
284 864 317 928 in
345 863 460 948 quibus
488 885 559 928 oum
587 862 776 946 antiquiori·
805 862 976 926 memoriae
1008 861 1191 926 hominibus

48 976 115 1040 ciue
137 991 258 1039 nomen
280 974 482 1058 componitur
504 974 561 1038 vit.
585 973 710 1038 Aratl
732 996 763 1057 p.
781 973 801 1038 3
817 973 866 1037 ed.
883 971 995 1038 Buhl.:
1018 975 1191 1050 ευνήκμαεε

46 1090 82 1151 δὲ
120 1087 322 1170 Ἀλεξάνδρῳ
358 1092 404 1170 τῷ
439 1085 572 1171 Αἰτωλῷ
608 1087 658 1150 καὶ
696 1085 885 1168 Καλλιμάχῳ
922 1085 972 1148 καὶ
1009 1083 1191 1164 Μενάνδρῳ

48 1196 234 1280 (Νικάνδρῳ
258 1195 340 1259 coni.
364 1194 559 1260 Riiacheliuo
574 1217 606 1279 p.
623 1194 679 1280 86)
702 1197 751 1260 καὶ
767 1195 894 1278 Φιλητᾷ.
932 1192 1038 1258 Schol.
1055 1189 1188 1256 Theocr.

48 1321 80 1390 p.'
102 1306 168 1370 809
190 1305 239 1369 ed.
262 1304 396 1370 hierocl:
424 1307 527 1373 λιτέον
549 1305 598 1371 ότι
620 1305 639 1370 ὁ
663 1305 834 1384 Θεόκριτος
863 1305 1004 1380 ἐγένετο,
1023 1303 1191 1382 ἰτόχρονοε

46 1423 104 1483 τοῦ
128 1419 265 1497 Ἀράτου
292 1418 342 1480 καλ
369 1419 428 1481 τοῦ
452 1416 651 1496 Καλλιμάχου
679 1416 729 1480 καὶ
756 1419 815 1479 τοῡ
839 1413 1032 1492 Νικάνδρου·
1062 1413 1190 1489 ἐγένετο

46 1531 80 1592 δὲ
104 1529 159 1592 ἐπὶ
181 1528 311 1608 χρόνων
333 1527 537 1606 Πτολεμαίου
559 1529 619 1591 τοῦ
641 1525 857 1606 Φιλαδέλφου.

132 1640 167 1702 3.
198 1636 303 1701 Schol.
322 1635 407 1700 Viet.
431 1635 470 1700 Il.
495 1639 530 1720 B,
553 1633 631 1700 234:
654 1635 685 1700 ol
707 1635 779 1714 cepi
801 1635 989 1714 Ζηνόδοτον
1012 1635 1190 1700 πολυπίδα-

49 1769 101 1813 κοε
126 1749 181 1813 διὰ
203 1749 240 1812 τό
257 1747 459 1826 Καλλιμάχου
476 1746 626 1826 Κρηνέιυν
641 1747 669 1810 τ’
683 1745 821 1829 Εὐρώπῃ
843 1745 1043 1824 μιεγομένων
1064 1745 1189 1810 ἕκατον.

47 1855 461 1922 Sch01.nur.nhes.28:
491 1857 570 1924 ἔνιοι
598 1857 633 1922 δέ
661 1856 736 1922 εἰιιν
759 1855 790 1920 οἱ
817 1857 867 1918 καὶ
894 1855 982 1934 παρὰ
1009 1858 1067 1932 τὴν
1090 1856 1189 1934 αὐτὴν
1208 1875 1259 1924 act

48 1969 235 2051 (Εὐρώπην)
258 1968 442 2047 ὠνομάεθαι
462 1969 520 2046 τὴν
542 1967 676 2046 ἤπειρον
692 1965 828 2050 (ccciv),
852 1967 994 2044 καθάπερ
1018 1967 1066 2029 καὶ
1083 1966 1191 2029 Καλλί-

47 2099 167 2156 μοχοε,
198 2078 384 2156 Ζηνόδοτος
417 2079 452 2142 δὲ
484 2077 539 2142 ἀπ’
571 2077 680 2141 αὐτοῦ.
733 2075 820 2150 Quae
854 2096 926 2138 cum
954 2072 1117 2138 Hechcruo
1151 2073 1190 2138 ad

47 2188 216 2251 Aeliorum
238 2186 355 2251 librum
377 2209 396 2250 a
419 2185 616 2251 Callimacho
645 2186 709 2250 iam
737 2184 778 2248 ad
806 2187 1003 2248 senectutem
1025 2187 1190 2268 vergente,

47 2303 81 2360 ut
114 2297 179 2380 ait,
214 2297 365 2380 scriptum
397 2300 593 2378 revocasset,
628 2294 860 2360 Callimachum
893 2315 1001 2358 cenem
1029 2293 1190 2358 Zenodoto

46 2407 215 2490 aequalem
228 2405 326 2472 fuisse
342 2428 402 2470 nec
417 2406 518 2470 vitam
533 2406 617 2470 ultra
639 2405 732 2469 huius
752 2408 887 2468 mortem
907 2403 1033 2468 duxisse
1049 2403 1188 2488 collegit.

47 2517 106 2582 Sed
119 2521 169 2582 ,αδ
190 2521 315 2582 taceam
344 2516 427 2601 quod
457 2515 495 2580 de
518 2517 683 2580 nominum
706 2514 886 2598 corruptela
904 2513 1070 2600 cogitavit
1091 2512 1191 2578 Bern-

46 2619 187 2711 hardyuo¹
203 2625 288 2690 Hiet.
313 2627 375 2690 litt.
399 2647 506 2712 graec.
524 2625 556 2690 Π
576 2649 608 2710 p.
628 2626 721 2708 1035,
745 2624 896 2708 quoniam
918 2623 956 2688 de
973 2646 1009 2687 eo
1031 2623 1114 2707 quod
1137 2624 1191 2688 ille

48 2737 168 2819 posuit,
200 2759 265 2800 non
294 2737 436 2819 potuisse
458 2735 655 2800 Zenodotum
682 2736 717 2799 iu
741 2735 852 2799 critica
881 2739 949 2798 arte
973 2734 1190 2798 exercendae

47 2845 247 2912 Callimacho
269 2850 461 2930 argumenta
487 2849 611 2931 petere,
641 2845 738 2910 alium
767 2845 860 2908 aliter
887 2844 1100 2908 iudicaturum
1122 2866 1191 2909 esse

49 2957 153 3039 video,
184 2956 307 3020 nullam
329 2955 483 3022 Zenodoti
511 2979 629 3022 nomen
661 2978 731 3020 eum
760 2954 956 3022 Callimacho
985 2955 1189 3019 coniunctum

48 3065 299 3151 argumentandi
313 3066 378 3130 vim
400 3067 508 3131 habet.
546 3065 631 3130 Nam
648 3070 734 3131 etex
756 3066 820 3130 alio
836 3065 1025 3130 Callimachi
1049 3065 1190 3130 carmine

47 3175 179 3240 iuvenili
197 3179 304 3240 aetate
320 3175 440 3260 scripto
456 3175 535 3240 haec
550 3177 703 3242 memoria
718 3176 820 3259 petita
836 3197 903 3240 esse
926 3178 1047 3258 potest,
1072 3179 1104 3238 et
1120 3175 1189 3258 ipsa

47 3287 144 3352 hetia
159 3308 201 3350 ex
216 3285 333 3350 Naekii
353 3286 600 3351 ratiocinatione
615 3285 697 3351 Mac.
715 3285 819 3350 Rhea.
836 3285 868 3349 II
883 3307 915 3368 p.
932 3285 995 3350 519
1012 3283 1140 3370 [Opuec.
1158 3286 1189 3350 ll

47 3419 76 3478 p.
92 3395 148 3484 36]
173 3401 251 3460 ante
271 3395 417 3460 Hecalen
439 3418 567 3461 carmen
589 3397 642 3482 (αδ
658 3405 725 3462 viro
744 3404 906 3478 scriptum,
930 3417 990 3460 noo
1005 3401 1043 3459 ab
1058 3399 1188 3478 iuvene),

47 3505 226 3590 composita
254 3505 295 3571 ad
322 3509 520 3572 senectutem
547 3507 667 3571 referre
695 3507 747 3570 vix
775 3507 861 3570 licet.
917 3505 1057 3571 Omnino
1084 3510 1190 3570 autem

46 3615 124 3680 haec
147 3617 198 3680 ita
221 3620 407 3699 comparata
429 3620 520 3700 sunt,
550 3619 586 3680 ut
608 3617 710 3680 abiis
732 3637 799 3680 non
824 3616 1104 3700 proficiscendum,
1135 3617 1190 3680 aed

47 3749 62 3788 e
89 3731 273 3810 temporum
307 3725 432 3791 ratione
465 3727 593 3792 aliimde
631 3727 806 3792 constituta
842 3748 892 3791 res
928 3727 1099 3792 iudicanda
1136 3728 1187 3792 sit.

47 3833 159 3919 stoque
196 3835 277 3900 nihil
310 3835 386 3900 inde
420 3837 598 3922 colligitur,
633 3837 696 3902 nisi
730 3836 892 3902 Zenodoto
925 3837 1011 3917 vivo,
1048 3839 1109 3902 hoc
1142 3841 1188 3901 eat

47 3949 119 4010 ante
143 3945 189 4008 ol.
215 3946 275 4010 133
299 3945 420 4010 clarum
441 3946 539 4010 fuieoe
563 3947 803 4013 Callimachum.

120 4057 154 4118 4.
180 4053 294 4119 Suidao
309 4078 340 4119 v.
357 4057 596 4137 Ἀριετοφάνητι
611 4060 748 4137 μαθητὴς
765 4059 965 4138 Καλλιμάχου
980 4059 1030 4122 καὶ
1045 4059 1189 4138 Ζηνοδό-

47 4185 113 4246 του,
138 4164 226 4230 ἀλλὰ
238 4169 299 4230 τοῦ
317 4167 375 4246 μὲν
392 4167 621 4252 (Καλλιμάχου)
637 4169 727 4244 νέοε,
749 4172 808 4232 τοῦ
830 4170 866 4233 δὲ
882 4167 1099 4252 (Ζηνοδότου)
1114 4172 1189 4233 παῖε

46 4275 192 4350 ἠκουεεν.
249 4274 361 4359 Itaque
389 4279 425 4340 ut
454 4276 704 4360 Aristophanem
731 4276 964 4342 adolescentem
995 4277 1187 4360 institueret,

49 4381 129 4448 ultra
153 4383 198 4448 ol.
224 4385 285 4450 134
306 4385 407 4452 vitam
429 4387 610 4470 provexerit
631 4407 760 4452 necesse
783 4391 840 4452 est.
