3052 5136
489 393 650 441 sensura
673 393 847 440 carneas.
1176 377 1238 440 '103

100 547 293 610 editionibus
316 543 539 632 scribebaturl.
570 545 714 610 Permira
737 544 885 609 videlicet
907 549 955 608 est
977 544 1128 628 loquendi
1149 545 1238 608 sedu-

98 658 173 722 litas
196 658 230 721 in
253 657 333 720 illis:
370 656 466 722 otro(
493 658 555 736 γὰρ
582 657 661 722 ιιαίει
688 659 746 736 τὴν
770 655 937 736 Ἀργολίδα
958 656 1112 735 ἐεβαλών.
1157 655 1238 730 Quid

99 772 148 830 est
169 768 268 850 enim,
292 767 374 850 quod
397 765 600 850 proficiamus
622 766 791 829 interiecta
814 765 875 828 hac
897 765 1141 830 enuntiatione?
1163 789 1237 830 nam

98 881 130 940 et
153 877 296 942 Charilai
320 876 549 960 cogitationem
570 881 678 940 mente
700 877 764 940 iam
788 875 1001 958 concepimus
1025 879 1062 938 ut
1083 875 1238 940 redundet

98 987 195 1052 obre(
224 1007 410 1070 pronomen,
440 989 472 1048 et
495 985 710 1050 incursionem
732 1007 800 1049 esse
827 987 947 1050 factam
969 984 1166 1050 declaratum
1188 992 1237 1050 est
1255 1001 1272 1048 ι

97 1101 240 1182 ἐδῄωιεν
264 1117 354 1160 voce:
388 1095 510 1160 iactam
532 1099 639 1160 autem
661 1096 695 1160 in
719 1097 912 1180 Argivomm
933 1099 1053 1160 terram
1074 1119 1158 1176 esse,
1186 1119 1237 1162 ox·

97 1207 253 1290 plicatum
275 1207 353 1270 item
375 1210 424 1270 est
444 1205 548 1270 tribus
570 1206 733 1270 vocabulis
754 1209 813 1286 τὴν
834 1210 894 1284 γῆν
911 1244 952 1254 -
966 1207 1129 1288 Ἀργείοις.
1172 1207 1237 1272 Sci·

96 1317 173 1380 lieet
200 1316 350 1380 incendio
375 1315 526 1380 discimus
554 1319 714 1379 vastatam
741 1301 808 1380 esse
836 1315 1040 1400 Argolidem3
1068 1319 1151 1400 quod
1179 1318 1237 1382 etsi

98 1449 213 1509 parum
235 1427 354 1490 attinet
377 1447 623 1490 commemorare
645 1426 793 1510 omnino,
822 1427 897 1512 quia
924 1431 1089 1510 tamquam
1116 1427 1237 1512 species

96 1537 248 1600 vastandi
276 1537 432 1621 quaedam
459 1558 520 1600 nec
546 1535 719 1601 secluditur
746 1539 886 1622 ἐδῄωεεν
914 1537 1010 1600 verbo
1035 1559 1138 1621 neque
1160 1561 1237 1621 pon-

96 1647 183 1710 deris
206 1647 376 1732 quicquam
398 1647 501 1730 affert,
526 1651 635 1712 tamen
657 1646 812 1730 siquidem
827 1647 928 1710 voluit
950 1647 1088 1731 scriptor
1110 1647 1235 1731 addere,

96 1761 219 1840 quanto
242 1761 370 1840 poterat
392 1757 579 1822 concinnius
602 1757 688 1840 loqui
709 1757 743 1820 in
766 1757 852 1820 hunc
874 1757 1016 1821 niodum:
1039 1759 1096 1836 τήν
1120 1779 1154 1824 τε
1176 1763 1236 1837 γῆν

96 1869 198 1934 καίων
225 1869 366 1952 ἐδῄωεεν
389 1869 540 1948 Ἀργείοις
562 1868 627 1930 —t
664 1868 748 1930 hauc
776 1867 863 1932 enim
885 1868 949 1930 vim
971 1868 1069 1934 καίειν
1092 1869 1237 1932 vocabuli

97 1978 253 2062 exemplis
276 1979 478 2042 confirmavit
500 1978 642 2043 Sturaius
665 1977 773 2041 Lexiei
797 1977 942 2061 Xenoph.
968 1979 1029 2042 vol.
1053 1977 1085 2041 ll
1107 2001 1139 2062 p.
1163 1977 1235 2042 624.

95 2087 278 2152 Nemeum
305 2088 450 2172 ineptum
478 2089 521 2151 sit
548 2091 643 2172 obrue
672 2087 832 2171 putidum,
861 2088 989 2172 integra
1017 2087 1237 2152 enuntiatione

96 2197 204 2262 efferri
225 2198 320 2262 unius
342 2198 557 2262 accessionem
579 2197 735 2280 notioniS,
759 2221 839 2282 quae
863 2197 994 2282 perinde
1015 2198 1089 2262 addi
1112 2203 1237 2282 poterat

95 2312 194 2392 atque
227 2309 349 2391 omitti,
389 2313 456 2373 tum
490 2308 641 2372 abhorret
668 2331 688 2372 a
711 2308 946 2372 commentandi
974 2329 1092 2392 genere
1120 2307 1237 2372 Pausa-

94 2420 187 2500 niae,
219 2417 458 2503 angustioribus
480 2418 598 2482 finibus
620 2417 824 2482 veterrimam
846 2417 1168 2482 Lacedaemoniorum
1191 2417 1238 2482 hi·

95 2527 231 2591 storiam
270 2527 521 2611 complectentis.
573 2527 623 2590 Ex
655 2527 765 2592 eadem
797 2531 888 2612 parte
924 2527 1082 2592 Siebelisii
1112 2528 1237 2592 laborat

95 2639 269 2721 scriptura,
292 2637 419 2722 prodita
435 2659 473 2700 ea
495 2661 569 2702 msa.
587 2637 829 2702 Vindoboneusi
846 2637 1099 2722 Mosquensique,
1123 2637 1236 2702 haece:

96 2748 196 2814 ebroe
217 2750 279 2827 γὰρ
303 2751 353 2813 καὶ
373 2749 407 2814 tt
434 2751 492 2828 τὴν
516 2749 683 2828 ’Ἀργολίδα
711 2749 855 2828 ἐιβαλιίιν
877 2787 935 2830 —,
968 2769 1048 2832 (puae
1078 2749 1237 2812 creditae

95 2861 260 2942 spectare,
291 2857 373 2942 quod
396 2858 481 2922 idem
508 2857 564 2921 alii
592 2879 684 2943 reges
706 2857 820 2922 secisse
842 2858 1025 2940 tradantur,
1055 2857 1152 2921 veluti
1182 2857 1236 2920 Ni·

96 2967 234 3050 cander,
267 2969 462 3033 Cleomenes.
508 2966 592 3032 Nam
615 2971 651 3032 ut
673 2969 927 3052 praetermittam
955 2967 1049 3050 illud,
1080 2967 1235 3030 Nicandri

96 3078 222 3140 nullam
237 3077 312 3142 dum
327 3101 394 3142 esse
409 3077 605 3142 mentionem
619 3078 758 3160 factam,
782 3079 857 3162 quid
880 3077 1010 3142 tandem
1032 3100 1110 3162 opus
1133 3081 1181 3141 est
1203 3077 1237 3141 in

96 3187 159 3251 hae
188 3187 341 3252 narrandi
369 3189 526 3253 breuitate
553 3189 715 3253 inculeare
743 3189 863 3272 denuo,
891 3187 975 3252 idem
1003 3188 1118 3252 fecisse
1146 3187 1235 3271 alios,

96 3297 182 3381 quod
206 3297 322 3363 fecisse
351 3319 404 3362 ees
437 3320 475 3362 ex
510 3300 579 3382 ipsa
608 3321 713 3364 rerum
746 3298 962 3382 expositarum
996 3298 1237 3362 continuatione

95 3407 273 3491 apparuit?
297 3407 467 3476 Riecterea
489 3408 596 3473 taedet
619 3411 734 3498 mirum
756 3409 862 3474 hercle
884 3413 1050 3493 peccatum
1073 3409 1237 3492 exagitare

95 3517 240 3582 eiusdem
267 3518 441 3602 Siebelisii,
471 3519 547 3601 viri,
577 3525 613 3584 ut
640 3521 686 3584 ait
709 3519 913 3584 Hermannus
943 3519 977 3582 in
1001 3541 1134 3582 censura
1156 3518 1236 3583 'Phe-

95 3627 186 3691 sauri
208 3627 419 3712 Stephaniaui
441 3651 473 3712 p.
498 3627 574 3692 XVI
598 3627 727 3715 [Opuso.
750 3629 782 3694 II
805 3653 837 3714 p.
854 3627 940 3716 239],
964 3651 1079 3716 graece
1101 3615 1176 3694 non'
1190 3628 1236 3693 in·

96 3839 164 3846 ----
180 3839 257 3844 —--—

95 3943 149 3997 bus
169 3941 277 4012 aliquot
289 3942 426 4014 capitibus
444 3941 590 4012 insigniter
603 3947 699 4000 auctos
717 3943 800 4000 edere
819 3943 991 4015 propediem,
1010 3943 1109 4012 quibus
1127 3943 1237 4000 veniam

95 4051 268 4102 consequar,
293 4035 416 4091 simodo
434 4037 539 4106 possim
558 4038 701 4106 consequi,
726 4039 835 4094 litteras
853 4039 882 4090 in
899 4038 995 4092 inclita
1012 4038 1163 4092 Academia
1181 4038 1237 4092 rri-

95 4129 203 4183 dericia
226 4127 337 4198 publice
359 4130 498 4184 docendi)
539 4131 678 4199 [Ceterum
701 4131 735 4186 dc
757 4132 800 4186 his
822 4132 997 4202 potissimum
1020 4131 1096 4185 velut
1116 4131 1237 4185 tirocinii

96 4221 265 4276 rudimentis
283 4222 327 4274 vix
347 4225 389 4276 eat
408 4224 480 4290 quod
499 4241 628 4278 moneam
646 4225 734 4279 multa
751 4243 795 4278 me
813 4225 903 4290 hodie,
924 4223 946 4277 si
964 4241 1008 4278 res
1026 4224 1136 4292 integra
1153 4227 1237 4292 esset,

95 4317 182 4384 longe
201 4315 285 4368 aliter
300 4315 490 4370 instituturum
509 4335 583 4386 esse,
608 4319 702 4372 omnia
719 4321 812 4372 auteur
831 4317 973 4385 aliquanto
991 4318 1110 4372 brevius
1146 4319 1200 4372 Sed
1220 4321 1237 4374 d

94 4412 237 4476 γέγραφα,
255 4411 402 4478 γέγραφα]
