<?xml version="1.0" encoding="UTF-8"?>
<!DOCTYPE html PUBLIC "-//W3C//DTD XHTML 1.0 Transitional//EN"
    "http://www.w3.org/TR/xhtml1/DTD/xhtml1-transitional.dtd">
<html xmlns="http://www.w3.org/1999/xhtml" xml:lang="en" lang="en">
 <head>
  <title>
</title>
<meta http-equiv="Content-Type" content="text/html;charset=utf-8" />
  <meta name='ocr-system' content='tesseract 3.04.00' />
  <meta name='ocr-capabilities' content='ocr_page ocr_carea ocr_par ocr_line ocrx_word'/>
</head>
<body>
  <div class='ocr_page' id='page_1' title='image "./fridericiritsch04ritsgoog_0439.png"; bbox 0 0 2942 5134; ppageno 0'>
   <div class='ocr_carea' id='block_1_1' title="bbox 305 335 1007 398">
    <p class='ocr_par' dir='ltr' id='par_1_1' title="bbox 305 335 1007 398">
     <span class='ocr_line' id='line_1_1' title="bbox 305 335 1007 398; baseline 0.001 -2"><span class='ocrx_word' id='word_1_1' title='bbox 305 335 369 396; x_wconf 84' lang='lat'><strong>414</strong></span> <span class='ocrx_word' id='word_1_2' title='bbox 738 351 784 396; x_wconf 84' lang='lat' dir='ltr'><strong>nu</strong></span> <span class='ocrx_word' id='word_1_3' title='bbox 807 347 1007 398; x_wconf 69' lang='lat' dir='ltr'><strong>reinnerus</strong></span> 
     </span>
    </p>
   </div>
   <div class='ocr_carea' id='block_1_2' title="bbox 267 501 1415 3772">
    <p class='ocr_par' dir='ltr' id='par_1_2' title="bbox 267 501 1407 914">
     <span class='ocr_line' id='line_1_2' title="bbox 267 501 1405 585; baseline -0.004 -20"><span class='ocrx_word' id='word_1_4' title='bbox 267 544 272 552; x_wconf 92' lang='lat'>-</span> <span class='ocrx_word' id='word_1_5' title='bbox 305 501 528 565; x_wconf 87' lang='lat' dir='ltr'><strong>transferendo</strong></span> <span class='ocrx_word' id='word_1_6' title='bbox 551 501 653 564; x_wconf 80' lang='lat' dir='ltr'><strong>editor</strong></span> <span class='ocrx_word' id='word_1_7' title='bbox 675 501 860 584; x_wconf 78' lang='lat' dir='ltr'><strong>Lipsiensis,</strong></span> <span class='ocrx_word' id='word_1_8' title='bbox 905 501 1023 575; x_wconf 81' lang='lat' dir='ltr'><strong>Quodsi</strong></span> <span class='ocrx_word' id='word_1_9' title='bbox 1046 501 1255 585; x_wconf 77' lang='lat' dir='ltr'>Anaxagoras</span> <span class='ocrx_word' id='word_1_10' title='bbox 1275 505 1355 564; x_wconf 87' lang='lat' dir='ltr'><strong>natus</strong></span> <span class='ocrx_word' id='word_1_11' title='bbox 1371 517 1405 562; x_wconf 81' lang='lat' dir='ltr'><strong>est</strong></span> 
     </span>
     <span class='ocr_line' id='line_1_3' title="bbox 305 609 1405 694; baseline -0.002 -20"><span class='ocrx_word' id='word_1_12' title='bbox 305 612 346 674; x_wconf 92' lang='lat' dir='ltr'><strong>ol.</strong></span> <span class='ocrx_word' id='word_1_13' title='bbox 371 611 469 692; x_wconf 84' lang='lat' dir='ltr'>LXX,</span> <span class='ocrx_word' id='word_1_14' title='bbox 490 614 516 692; x_wconf 87' lang='lat' dir='ltr'><strong>l,</strong></span> <span class='ocrx_word' id='word_1_15' title='bbox 542 609 689 675; x_wconf 78' lang='lat' dir='ltr'><strong>Socrates</strong></span> <span class='ocrx_word' id='word_1_16' title='bbox 712 614 819 673; x_wconf 87' lang='lat' dir='ltr'><strong>autern</strong></span> <span class='ocrx_word' id='word_1_17' title='bbox 841 611 882 673; x_wconf 90' lang='lat' dir='ltr'><strong>ol.</strong></span> <span class='ocrx_word' id='word_1_18' title='bbox 906 609 1069 694; x_wconf 84' lang='lat' dir='ltr'>LXXVII,</span> <span class='ocrx_word' id='word_1_19' title='bbox 1091 609 1123 694; x_wconf 86' lang='lat'><strong>4,</strong></span> <span class='ocrx_word' id='word_1_20' title='bbox 1147 631 1213 675; x_wconf 91' lang='lat' dir='ltr'><strong>non</strong></span> <span class='ocrx_word' id='word_1_21' title='bbox 1232 611 1352 674; x_wconf 89' lang='lat' dir='ltr'><strong>multum</strong></span> <span class='ocrx_word' id='word_1_22' title='bbox 1368 610 1405 672; x_wconf 86' lang='lat' dir='ltr'><strong>ab</strong></span> 
     </span>
     <span class='ocr_line' id='line_1_4' title="bbox 306 719 1405 803; baseline -0.004 -19"><span class='ocrx_word' id='word_1_23' title='bbox 306 741 445 784; x_wconf 82' lang='lat' dir='ltr'>erremus</span> <span class='ocrx_word' id='word_1_24' title='bbox 473 741 493 782; x_wconf 93' lang='lat' dir='ltr'><strong>a</strong></span> <span class='ocrx_word' id='word_1_25' title='bbox 520 721 669 803; x_wconf 88' lang='lat' dir='ltr'><strong>veritate,</strong></span> <span class='ocrx_word' id='word_1_26' title='bbox 699 720 725 783; x_wconf 92' lang='lat' dir='ltr'><strong>si</strong></span> <span class='ocrx_word' id='word_1_27' title='bbox 752 720 904 784; x_wconf 83' lang='lat' dir='ltr'><strong>Archelai</strong></span> <span class='ocrx_word' id='word_1_28' title='bbox 933 742 1054 784; x_wconf 92' lang='lat' dir='ltr'><strong>annum</strong></span> <span class='ocrx_word' id='word_1_29' title='bbox 1079 721 1223 784; x_wconf 84' lang='lat' dir='ltr'><strong>natalem</strong></span> <span class='ocrx_word' id='word_1_30' title='bbox 1248 719 1357 784; x_wconf 74' lang='lat' dir='ltr'><strong>circiter</strong></span> <span class='ocrx_word' id='word_1_31' title='bbox 1377 719 1405 781; x_wconf 95' lang='lat' dir='ltr'><strong>ol.</strong></span> 
     </span>
     <span class='ocr_line' id='line_1_5' title="bbox 306 826 1407 914; baseline -0.001 -21"><span class='ocrx_word' id='word_1_32' title='bbox 306 829 441 894; x_wconf 77' lang='lat' dir='ltr'>LXXIV</span> <span class='ocrx_word' id='word_1_33' title='bbox 463 852 549 893; x_wconf 89' lang='lat' dir='ltr'><strong>anno</strong></span> <span class='ocrx_word' id='word_1_34' title='bbox 572 832 588 893; x_wconf 90' lang='lat'>1</span> <span class='ocrx_word' id='word_1_35' title='bbox 611 830 803 894; x_wconf 77' lang='lat' dir='ltr'><strong>tribuamus:</strong></span> <span class='ocrx_word' id='word_1_36' title='bbox 826 829 872 892; x_wconf 90' lang='lat' dir='ltr'><strong>ita</strong></span> <span class='ocrx_word' id='word_1_37' title='bbox 895 830 981 894; x_wconf 88' lang='lat' dir='ltr'><strong>enim</strong></span> <span class='ocrx_word' id='word_1_38' title='bbox 1002 851 1068 894; x_wconf 88' lang='lat' dir='ltr'><strong>non</strong></span> <span class='ocrx_word' id='word_1_39' title='bbox 1088 826 1216 894; x_wconf 84' lang='lat' dir='ltr'><strong>tantum</strong></span> <span class='ocrx_word' id='word_1_40' title='bbox 1236 830 1332 914; x_wconf 90' lang='lat' dir='ltr'><strong>potuit</strong></span> <span class='ocrx_word' id='word_1_41' title='bbox 1349 851 1407 892; x_wconf 88' lang='lat' dir='ltr'><strong>con-</strong></span> 
     </span>
    </p>

    <p class='ocr_par' dir='ltr' id='par_1_3' title="bbox 271 937 1413 2124">
     <span class='ocr_line' id='line_1_6' title="bbox 271 937 1406 1025; baseline -0.002 -23"><span class='ocrx_word' id='word_1_42' title='bbox 271 945 286 991; x_wconf 89' lang='lat'><strong>3</strong></span> <span class='ocrx_word' id='word_1_43' title='bbox 305 940 485 1003; x_wconf 89' lang='lat' dir='ltr'><strong>modissime</strong></span> <span class='ocrx_word' id='word_1_44' title='bbox 509 962 580 1005; x_wconf 93' lang='lat' dir='ltr'><strong>cum</strong></span> <span class='ocrx_word' id='word_1_45' title='bbox 602 941 832 1025; x_wconf 82' lang='lat' dir='ltr'><strong>Anaxagoram</strong></span> <span class='ocrx_word' id='word_1_46' title='bbox 859 939 968 1004; x_wconf 88' lang='lat' dir='ltr'><strong>audire</strong></span> <span class='ocrx_word' id='word_1_47' title='bbox 990 943 1058 1003; x_wconf 92' lang='lat' dir='ltr'><strong>tum</strong></span> <span class='ocrx_word' id='word_1_48' title='bbox 1080 939 1246 1004; x_wconf 80' lang='lat' dir='ltr'><strong>instituere</strong></span> <span class='ocrx_word' id='word_1_49' title='bbox 1268 937 1406 1019; x_wconf 74' lang='lat' dir='ltr'><strong>Socraten,</strong></span> 
     </span>
     <span class='ocr_line' id='line_1_7' title="bbox 305 1049 1408 1134; baseline -0.004 -22"><span class='ocrx_word' id='word_1_50' title='bbox 305 1051 472 1114; x_wconf 89' lang='lat' dir='ltr'><strong>sedetiam</strong></span> <span class='ocrx_word' id='word_1_51' title='bbox 493 1054 618 1113; x_wconf 91' lang='lat' dir='ltr'><strong>amator</strong></span> <span class='ocrx_word' id='word_1_52' title='bbox 640 1072 708 1114; x_wconf 89' lang='lat' dir='ltr'><strong>esse</strong></span> <span class='ocrx_word' id='word_1_53' title='bbox 725 1050 875 1133; x_wconf 64' lang='lat' dir='ltr'><strong>Socratis</strong></span> <span class='ocrx_word' id='word_1_54' title='bbox 900 1051 994 1134; x_wconf 86' lang='lat' dir='ltr'><strong>quod,</strong></span> <span class='ocrx_word' id='word_1_55' title='bbox 1018 1049 1133 1114; x_wconf 85' lang='lat' dir='ltr'><strong>Suidae</strong></span> <span class='ocrx_word' id='word_1_56' title='bbox 1156 1049 1344 1132; x_wconf 76' lang='lat' dir='ltr'><strong>adnotatum,</strong></span> <span class='ocrx_word' id='word_1_57' title='bbox 1363 1049 1408 1112; x_wconf 84' lang='lat' dir='ltr'><strong>sin</strong></span> 
     </span>
     <span class='ocr_line' id='line_1_8' title="bbox 305 1158 1407 1244; baseline -0.003 -21"><span class='ocrx_word' id='word_1_58' title='bbox 305 1183 414 1225; x_wconf 88' lang='lat' dir='ltr'><strong>verum</strong></span> <span class='ocrx_word' id='word_1_59' title='bbox 442 1164 490 1224; x_wconf 90' lang='lat' dir='ltr'><strong>est</strong></span> <span class='ocrx_word' id='word_1_60' title='bbox 511 1160 578 1224; x_wconf 88' lang='lat' dir='ltr'><strong>sive</strong></span> <span class='ocrx_word' id='word_1_61' title='bbox 600 1183 666 1224; x_wconf 92' lang='lat' dir='ltr'><strong>non</strong></span> <span class='ocrx_word' id='word_1_62' title='bbox 689 1164 753 1243; x_wconf 85' lang='lat' dir='ltr'><strong>est,</strong></span> <span class='ocrx_word' id='word_1_63' title='bbox 781 1164 890 1224; x_wconf 90' lang='lat' dir='ltr'><strong>tamen</strong></span> <span class='ocrx_word' id='word_1_64' title='bbox 920 1181 962 1226; x_wconf 89' lang='lat' dir='ltr'><strong>ne</strong></span> <span class='ocrx_word' id='word_1_65' title='bbox 985 1159 1159 1244; x_wconf 84' lang='lat' dir='ltr'><strong>excogitari</strong></span> <span class='ocrx_word' id='word_1_66' title='bbox 1182 1159 1306 1243; x_wconf 90' lang='lat' dir='ltr'><strong>quidem</strong></span> <span class='ocrx_word' id='word_1_67' title='bbox 1325 1158 1407 1243; x_wconf 88' lang='lat' dir='ltr'><strong>proba·</strong></span> 
     </span>
     <span class='ocr_line' id='line_1_9' title="bbox 306 1270 1409 1354; baseline -0.005 -22"><span class='ocrx_word' id='word_1_68' title='bbox 306 1270 412 1333; x_wconf 89' lang='lat' dir='ltr'><strong>biliter</strong></span> <span class='ocrx_word' id='word_1_69' title='bbox 439 1271 609 1353; x_wconf 83' lang='lat' dir='ltr'><strong>potuisset,</strong></span> <span class='ocrx_word' id='word_1_70' title='bbox 640 1271 702 1334; x_wconf 89' lang='lat' dir='ltr'><strong>nisi</strong></span> <span class='ocrx_word' id='word_1_71' title='bbox 726 1271 886 1334; x_wconf 90' lang='lat' dir='ltr'><strong>commode</strong></span> <span class='ocrx_word' id='word_1_72' title='bbox 915 1271 950 1334; x_wconf 90' lang='lat' dir='ltr'><strong>in</strong></span> <span class='ocrx_word' id='word_1_73' title='bbox 977 1270 1141 1354; x_wconf 89' lang='lat' dir='ltr'><strong>utriusque</strong></span> <span class='ocrx_word' id='word_1_74' title='bbox 1169 1273 1306 1334; x_wconf 86' lang='lat' dir='ltr'><strong>aetatem</strong></span> <span class='ocrx_word' id='word_1_75' title='bbox 1326 1289 1409 1332; x_wconf 78' lang='lat' dir='ltr'><strong>enare</strong></span> 
     </span>
     <span class='ocr_line' id='line_1_10' title="bbox 304 1378 1410 1467; baseline -0.003 -25"><span class='ocrx_word' id='word_1_76' title='bbox 304 1380 414 1443; x_wconf 86' lang='lat' dir='ltr'><strong>nisset.</strong></span> <span class='ocrx_word' id='word_1_77' title='bbox 460 1381 572 1464; x_wconf 89' lang='lat' dir='ltr'><strong>Itaque</strong></span> <span class='ocrx_word' id='word_1_78' title='bbox 598 1403 656 1467; x_wconf 86' lang='lat' dir='ltr'><strong>eur</strong></span> <span class='ocrx_word' id='word_1_79' title='bbox 679 1381 902 1444; x_wconf 89' lang='lat' dir='ltr'><strong>Marcellinum</strong></span> <span class='ocrx_word' id='word_1_80' title='bbox 924 1381 963 1444; x_wconf 92' lang='lat' dir='ltr'><strong>de</strong></span> <span class='ocrx_word' id='word_1_81' title='bbox 985 1378 1173 1464; x_wconf 90' lang='lat' dir='ltr'><strong>philosopho</strong></span> <span class='ocrx_word' id='word_1_82' title='bbox 1194 1380 1299 1463; x_wconf 86' lang='lat' dir='ltr'><strong>potius</strong></span> <span class='ocrx_word' id='word_1_83' title='bbox 1319 1379 1410 1442; x_wconf 76' lang='lat' dir='ltr'><strong>Arche·</strong></span> 
     </span>
     <span class='ocr_line' id='line_1_11' title="bbox 304 1479 1410 1575; baseline -0.004 -23"><span class='ocrx_word' id='word_1_84' title='bbox 304 1490 355 1553; x_wconf 88' lang='lat' dir='ltr'><strong>lao</strong></span> <span class='ocrx_word' id='word_1_85' title='bbox 379 1491 537 1574; x_wconf 85' lang='lat' dir='ltr'><strong>cogitasse</strong></span> <span class='ocrx_word' id='word_1_86' title='bbox 560 1494 699 1554; x_wconf 88' lang='lat' dir='ltr'><strong>statuam</strong></span> <span class='ocrx_word' id='word_1_87' title='bbox 722 1513 817 1574; x_wconf 90' lang='lat' dir='ltr'><strong>quam</strong></span> <span class='ocrx_word' id='word_1_88' title='bbox 839 1512 930 1575; x_wconf 84' lang='lat' dir='ltr'><strong>rege,</strong></span> <span class='ocrx_word' id='word_1_89' title='bbox 959 1490 1043 1554; x_wconf 87' lang='lat' dir='ltr'><strong>ratio</strong></span> <span class='ocrx_word' id='word_1_90' title='bbox 1070 1493 1150 1554; x_wconf 91' lang='lat' dir='ltr'><strong>haec</strong></span> <span class='ocrx_word' id='word_1_91' title='bbox 1172 1479 1235 1570; x_wconf 80' lang='lat' dir='ltr'><strong>est,</strong></span> <span class='ocrx_word' id='word_1_92' title='bbox 1267 1488 1342 1573; x_wconf 90' lang='lat' dir='ltr'><strong>quod</strong></span> <span class='ocrx_word' id='word_1_93' title='bbox 1361 1509 1410 1550; x_wconf 88' lang='lat' dir='ltr'><strong>cun</strong></span> 
     </span>
     <span class='ocr_line' id='line_1_12' title="bbox 304 1598 1411 1688; baseline -0.005 -25"><span class='ocrx_word' id='word_1_94' title='bbox 304 1600 456 1664; x_wconf 89' lang='lat' dir='ltr'><strong>historica</strong></span> <span class='ocrx_word' id='word_1_95' title='bbox 489 1605 521 1665; x_wconf 93' lang='lat' dir='ltr'><strong>et</strong></span> <span class='ocrx_word' id='word_1_96' title='bbox 553 1601 678 1684; x_wconf 89' lang='lat' dir='ltr'><strong>poetica</strong></span> <span class='ocrx_word' id='word_1_97' title='bbox 711 1605 780 1664; x_wconf 88' lang='lat' dir='ltr'><strong>arte</strong></span> <span class='ocrx_word' id='word_1_98' title='bbox 819 1601 1020 1688; x_wconf 81' lang='lat' dir='ltr'><strong>eoniuncticr</strong></span> <span class='ocrx_word' id='word_1_99' title='bbox 1050 1598 1232 1684; x_wconf 85' lang='lat' dir='ltr'><strong>philosophi</strong></span> <span class='ocrx_word' id='word_1_100' title='bbox 1273 1598 1411 1680; x_wconf 81' lang='lat' dir='ltr'><strong>disciplina</strong></span> 
     </span>
     <span class='ocr_line' id='line_1_13' title="bbox 305 1705 1411 1796; baseline -0.006 -23"><span class='ocrx_word' id='word_1_101' title='bbox 305 1714 353 1773; x_wconf 91' lang='lat' dir='ltr'><strong>est</strong></span> <span class='ocrx_word' id='word_1_102' title='bbox 381 1733 476 1793; x_wconf 90' lang='lat' dir='ltr'><strong>quam</strong></span> <span class='ocrx_word' id='word_1_103' title='bbox 505 1712 590 1795; x_wconf 89' lang='lat' dir='ltr'><strong>regis</strong></span> <span class='ocrx_word' id='word_1_104' title='bbox 619 1711 797 1794; x_wconf 92' lang='lat' dir='ltr'><strong>imperium.</strong></span> <span class='ocrx_word' id='word_1_105' title='bbox 813 1712 845 1796; x_wconf 68' lang='lat'><strong>²⁸)</strong></span> <span class='ocrx_word' id='word_1_106' title='bbox 895 1711 944 1775; x_wconf 92' lang='lat' dir='ltr'><strong>De</strong></span> <span class='ocrx_word' id='word_1_107' title='bbox 978 1711 1104 1775; x_wconf 88' lang='lat' dir='ltr'><strong>relicuis</strong></span> <span class='ocrx_word' id='word_1_108' title='bbox 1131 1712 1238 1773; x_wconf 88' lang='lat' dir='ltr'><strong>autem</strong></span> <span class='ocrx_word' id='word_1_109' title='bbox 1266 1705 1411 1790; x_wconf 66' lang='lat' dir='ltr'><strong>Thucydidi</strong></span> 
     </span>
     <span class='ocr_line' id='line_1_14' title="bbox 305 1815 1411 1904; baseline -0.005 -22"><span class='ocrx_word' id='word_1_110' title='bbox 305 1821 489 1903; x_wconf 84' lang='lat' dir='ltr'><strong>aequalibus</strong></span> <span class='ocrx_word' id='word_1_111' title='bbox 525 1842 591 1884; x_wconf 93' lang='lat' dir='ltr'><strong>non</strong></span> <span class='ocrx_word' id='word_1_112' title='bbox 633 1821 735 1884; x_wconf 89' lang='lat' dir='ltr'><strong>habeo</strong></span> <span class='ocrx_word' id='word_1_113' title='bbox 772 1820 855 1904; x_wconf 91' lang='lat' dir='ltr'><strong>quod</strong></span> <span class='ocrx_word' id='word_1_114' title='bbox 895 1820 1043 1904; x_wconf 86' lang='lat' dir='ltr'><strong>diligenti</strong></span> <span class='ocrx_word' id='word_1_115' title='bbox 1080 1819 1198 1883; x_wconf 85' lang='lat' dir='ltr'><strong>Naelrii</strong></span> <span class='ocrx_word' id='word_1_116' title='bbox 1233 1815 1411 1902; x_wconf 84' lang='lat' dir='ltr'><strong>disputationi</strong></span> 
     </span>
     <span class='ocr_line' id='line_1_15' title="bbox 304 1924 1413 2013; baseline -0.004 -23"><span class='ocrx_word' id='word_1_117' title='bbox 304 1929 441 1992; x_wconf 89' lang='lat' dir='ltr'><strong>adiciam</strong></span> <span class='ocrx_word' id='word_1_118' title='bbox 464 1930 694 1994; x_wconf 77' lang='lat' dir='ltr'><strong>Choeriliorum</strong></span> <span class='ocrx_word' id='word_1_119' title='bbox 715 1953 747 2013; x_wconf 90' lang='lat' dir='ltr'><strong>p.</strong></span> <span class='ocrx_word' id='word_1_120' title='bbox 767 1931 810 1994; x_wconf 84' lang='lat'><strong>30</strong></span> <span class='ocrx_word' id='word_1_121' title='bbox 824 1952 871 2013; x_wconf 90' lang='lat' dir='ltr'><strong>sq.</strong></span> <span class='ocrx_word' id='word_1_122' title='bbox 916 1929 1050 2013; x_wconf 78' lang='lat' dir='ltr'><strong>Propter</strong></span> <span class='ocrx_word' id='word_1_123' title='bbox 1071 1930 1240 1994; x_wconf 87' lang='lat' dir='ltr'><strong>Platonem</strong></span> <span class='ocrx_word' id='word_1_124' title='bbox 1262 1924 1413 1993; x_wconf 85' lang='lat' dir='ltr'><strong>Marcellini</strong></span> 
     </span>
     <span class='ocr_line' id='line_1_16' title="bbox 304 2038 1309 2124; baseline 0.002 -23"><span class='ocrx_word' id='word_1_125' title='bbox 304 2039 401 2102; x_wconf 84' lang='lat' dir='ltr'><strong>verba</strong></span> <span class='ocrx_word' id='word_1_126' title='bbox 424 2039 536 2102; x_wconf 74' lang='lat' dir='ltr'><strong>leviter</strong></span> <span class='ocrx_word' id='word_1_127' title='bbox 558 2041 670 2124; x_wconf 88' lang='lat' dir='ltr'><strong>attigit</strong></span> <span class='ocrx_word' id='word_1_128' title='bbox 691 2040 869 2103; x_wconf 84' lang='lat' dir='ltr'><strong>Meinelrius</strong></span> <span class='ocrx_word' id='word_1_129' title='bbox 892 2039 1020 2114; x_wconf 81' lang='lat' dir='ltr'><strong>Quaest.</strong></span> <span class='ocrx_word' id='word_1_130' title='bbox 1045 2061 1130 2103; x_wconf 91' lang='lat' dir='ltr'><strong>scen.</strong></span> <span class='ocrx_word' id='word_1_131' title='bbox 1154 2038 1186 2102; x_wconf 94' lang='lat' dir='ltr'><strong>lI</strong></span> <span class='ocrx_word' id='word_1_132' title='bbox 1208 2061 1241 2122; x_wconf 92' lang='lat' dir='ltr'><strong>p.</strong></span> <span class='ocrx_word' id='word_1_133' title='bbox 1261 2040 1309 2103; x_wconf 90' lang='grc'><strong>11.</strong></span> 
     </span>
    </p>

    <p class='ocr_par' dir='ltr' id='par_1_4' title="bbox 300 2144 1415 3772">
     <span class='ocr_line' id='line_1_17' title="bbox 387 2144 1413 2234; baseline -0.007 -22"><span class='ocrx_word' id='word_1_134' title='bbox 387 2149 436 2212; x_wconf 89' lang='lat' dir='ltr'><strong>De</strong></span> <span class='ocrx_word' id='word_1_135' title='bbox 464 2149 637 2234; x_wconf 85' lang='lat' dir='ltr'><strong>Agathone</strong></span> <span class='ocrx_word' id='word_1_136' title='bbox 665 2153 787 2232; x_wconf 83' lang='lat' dir='ltr'><strong>autem,</strong></span> <span class='ocrx_word' id='word_1_137' title='bbox 823 2172 884 2233; x_wconf 89' lang='lat' dir='ltr'><strong>quc</strong></span> <span class='ocrx_word' id='word_1_138' title='bbox 918 2149 972 2214; x_wconf 89' lang='lat' dir='ltr'><strong>ille</strong></span> <span class='ocrx_word' id='word_1_139' title='bbox 1000 2151 1067 2212; x_wconf 86' lang='lat' dir='ltr'><strong>iure</strong></span> <span class='ocrx_word' id='word_1_140' title='bbox 1095 2148 1275 2232; x_wconf 79' lang='lat' dir='ltr'><strong>Thucydidi</strong></span> <span class='ocrx_word' id='word_1_141' title='bbox 1302 2144 1413 2232; x_wconf 77' lang='lat' dir='ltr'><strong>aequalis</strong></span> 
     </span>
     <span class='ocr_line' id='line_1_18' title="bbox 303 2259 1412 2342; baseline -0.006 -18"><span class='ocrx_word' id='word_1_142' title='bbox 303 2263 433 2324; x_wconf 87' lang='lat' dir='ltr'><strong>vocetur</strong></span> <span class='ocrx_word' id='word_1_143' title='bbox 439 2309 447 2342; x_wconf 90' lang='lat'><em>,</em></span> <span class='ocrx_word' id='word_1_144' title='bbox 480 2259 651 2322; x_wconf 82' lang='lat' dir='ltr'><strong>videndum</strong></span> <span class='ocrx_word' id='word_1_145' title='bbox 679 2264 736 2322; x_wconf 87' lang='lat' dir='ltr'><strong>est.</strong></span> <span class='ocrx_word' id='word_1_146' title='bbox 787 2259 872 2323; x_wconf 89' lang='lat' dir='ltr'><strong>Nam</strong></span> <span class='ocrx_word' id='word_1_147' title='bbox 900 2280 971 2323; x_wconf 89' lang='lat' dir='ltr'><strong>cum</strong></span> <span class='ocrx_word' id='word_1_148' title='bbox 998 2259 1065 2324; x_wconf 90' lang='lat' dir='ltr'><strong>eius</strong></span> <span class='ocrx_word' id='word_1_149' title='bbox 1093 2260 1194 2323; x_wconf 86' lang='lat' dir='ltr'><strong>vitam</strong></span> <span class='ocrx_word' id='word_1_150' title='bbox 1219 2260 1300 2324; x_wconf 88' lang='lat' dir='ltr'><strong>satis</strong></span> <span class='ocrx_word' id='word_1_151' title='bbox 1321 2261 1412 2322; x_wconf 84' lang='lat' dir='ltr'><strong>certum</strong></span> 
     </span>
     <span class='ocr_line' id='line_1_19' title="bbox 303 2368 1414 2454; baseline -0.005 -22"><span class='ocrx_word' id='word_1_152' title='bbox 303 2371 345 2433; x_wconf 90' lang='lat' dir='ltr'><strong>sit</strong></span> <span class='ocrx_word' id='word_1_153' title='bbox 367 2371 453 2434; x_wconf 89' lang='lat' dir='ltr'><strong>intra</strong></span> <span class='ocrx_word' id='word_1_154' title='bbox 476 2368 672 2453; x_wconf 88' lang='lat' dir='ltr'><strong>olympiadas</strong></span> <span class='ocrx_word' id='word_1_155' title='bbox 695 2368 813 2432; x_wconf 86' lang='lat' dir='ltr'>LXXX</span> <span class='ocrx_word' id='word_1_156' title='bbox 835 2373 868 2432; x_wconf 89' lang='lat' dir='ltr'><strong>et</strong></span> <span class='ocrx_word' id='word_1_157' title='bbox 889 2369 913 2433; x_wconf 80' lang='lat' dir='ltr'>O</span> <span class='ocrx_word' id='word_1_158' title='bbox 937 2369 1109 2452; x_wconf 86' lang='lat' dir='ltr'><strong>contineri,</strong></span> <span class='ocrx_word' id='word_1_159' title='bbox 1132 2373 1243 2433; x_wconf 88' lang='lat' dir='ltr'><strong>tamen</strong></span> <span class='ocrx_word' id='word_1_160' title='bbox 1266 2390 1326 2454; x_wconf 91' lang='lat' dir='ltr'><strong>quo</strong></span> <span class='ocrx_word' id='word_1_161' title='bbox 1344 2376 1414 2430; x_wconf 71' lang='lat' dir='ltr'><strong>nan&lt;</strong></span> 
     </span>
     <span class='ocr_line' id='line_1_20' title="bbox 303 2478 1413 2564; baseline -0.005 -22"><span class='ocrx_word' id='word_1_162' title='bbox 303 2503 388 2544; x_wconf 92' lang='lat' dir='ltr'><strong>annc</strong></span> <span class='ocrx_word' id='word_1_163' title='bbox 420 2501 519 2564; x_wconf 90' lang='lat' dir='ltr'><strong>quove</strong></span> <span class='ocrx_word' id='word_1_164' title='bbox 556 2483 698 2543; x_wconf 85' lang='lat' dir='ltr'><strong>mortuus</strong></span> <span class='ocrx_word' id='word_1_165' title='bbox 731 2479 789 2560; x_wconf 86' lang='lat' dir='ltr'><strong>sit,</strong></span> <span class='ocrx_word' id='word_1_166' title='bbox 824 2501 843 2541; x_wconf 88' lang='lat' dir='ltr'><strong>a</strong></span> <span class='ocrx_word' id='word_1_167' title='bbox 875 2482 1018 2542; x_wconf 88' lang='lat' dir='ltr'><strong>veterum</strong></span> <span class='ocrx_word' id='word_1_168' title='bbox 1053 2478 1142 2542; x_wconf 89' lang='lat' dir='ltr'><strong>nullo</strong></span> <span class='ocrx_word' id='word_1_169' title='bbox 1178 2478 1343 2542; x_wconf 82' lang='lat' dir='ltr'><strong>delinitum</strong></span> <span class='ocrx_word' id='word_1_170' title='bbox 1372 2483 1413 2536; x_wconf 78' lang='lat' dir='ltr'><strong>at.</strong></span> 
     </span>
     <span class='ocr_line' id='line_1_21' title="bbox 302 2587 1414 2674; baseline -0.004 -22"><span class='ocrx_word' id='word_1_171' title='bbox 302 2590 402 2664; x_wconf 78' lang='lat' dir='ltr'><strong>tluem</strong></span> <span class='ocrx_word' id='word_1_172' title='bbox 425 2591 528 2652; x_wconf 91' lang='lat' dir='ltr'><strong>locum</strong></span> <span class='ocrx_word' id='word_1_173' title='bbox 550 2590 723 2674; x_wconf 85' lang='lat' dir='ltr'><strong>diligenter</strong></span> <span class='ocrx_word' id='word_1_174' title='bbox 737 2592 972 2673; x_wconf 83' lang='lat' dir='ltr'><strong>pertractatum</strong></span> <span class='ocrx_word' id='word_1_175' title='bbox 993 2588 1070 2653; x_wconf 91' lang='lat' dir='ltr'><strong>mihi</strong></span> <span class='ocrx_word' id='word_1_176' title='bbox 1086 2589 1262 2652; x_wconf 77' lang='lat' dir='ltr'><strong>verendum</strong></span> <span class='ocrx_word' id='word_1_177' title='bbox 1283 2587 1354 2650; x_wconf 92' lang='lat' dir='ltr'><strong>illud</strong></span> <span class='ocrx_word' id='word_1_178' title='bbox 1372 2596 1414 2648; x_wconf 74' lang='lat' dir='ltr'><strong>est.</strong></span> 
     </span>
     <span class='ocr_line' id='line_1_22' title="bbox 302 2695 1414 2784; baseline -0.006 -22"><span class='ocrx_word' id='word_1_179' title='bbox 302 2721 343 2762; x_wconf 92' lang='lat' dir='ltr'><strong>ne</strong></span> <span class='ocrx_word' id='word_1_180' title='bbox 366 2721 428 2782; x_wconf 88' lang='lat' dir='ltr'><strong>qua</strong></span> <span class='ocrx_word' id='word_1_181' title='bbox 451 2700 597 2762; x_wconf 89' lang='lat' dir='ltr'><strong>molestia</strong></span> <span class='ocrx_word' id='word_1_182' title='bbox 619 2700 801 2784; x_wconf 88' lang='lat' dir='ltr'><strong>legentibus</strong></span> <span class='ocrx_word' id='word_1_183' title='bbox 825 2702 948 2762; x_wconf 87' lang='lat' dir='ltr'><strong>creetur</strong></span> <span class='ocrx_word' id='word_1_184' title='bbox 965 2698 1140 2782; x_wconf 90' lang='lat' dir='ltr'><strong>disparium</strong></span> <span class='ocrx_word' id='word_1_185' title='bbox 1161 2719 1270 2762; x_wconf 88' lang='lat' dir='ltr'><strong>rerum</strong></span> <span class='ocrx_word' id='word_1_186' title='bbox 1292 2695 1414 2780; x_wconf 75' lang='lat' dir='ltr'><strong>copiane</strong></span> 
     </span>
     <span class='ocr_line' id='line_1_23' title="bbox 302 2804 1414 2894; baseline -0.007 -22"><span class='ocrx_word' id='word_1_187' title='bbox 302 2810 475 2893; x_wconf 82' lang='lat' dir='ltr'><strong>varietate,</strong></span> <span class='ocrx_word' id='word_1_188' title='bbox 500 2832 537 2872; x_wconf 85' lang='lat' dir='ltr'><strong>ex</strong></span> <span class='ocrx_word' id='word_1_189' title='bbox 560 2809 673 2893; x_wconf 87' lang='lat' dir='ltr'><strong>quibus</strong></span> <span class='ocrx_word' id='word_1_190' title='bbox 696 2812 887 2894; x_wconf 84' lang='lat' dir='ltr'><strong>argumenta</strong></span> <span class='ocrx_word' id='word_1_191' title='bbox 909 2811 1058 2892; x_wconf 88' lang='lat' dir='ltr'><strong>petentur</strong></span> <span class='ocrx_word' id='word_1_192' title='bbox 1079 2807 1250 2891; x_wconf 88' lang='lat' dir='ltr'><strong>aptissimo</strong></span> <span class='ocrx_word' id='word_1_193' title='bbox 1272 2804 1414 2872; x_wconf 74' lang='lat' dir='ltr'><strong>affinitatis</strong></span> 
     </span>
     <span class='ocr_line' id='line_1_24' title="bbox 302 2910 1414 3001; baseline -0.005 -19"><span class='ocrx_word' id='word_1_194' title='bbox 302 2921 428 2984; x_wconf 86' lang='lat' dir='ltr'><strong>vinculo</strong></span> <span class='ocrx_word' id='word_1_195' title='bbox 457 2920 594 2984; x_wconf 89' lang='lat' dir='ltr'><strong>invicem</strong></span> <span class='ocrx_word' id='word_1_196' title='bbox 622 2942 660 2982; x_wconf 88' lang='lat' dir='ltr'><strong>ex</strong></span> <span class='ocrx_word' id='word_1_197' title='bbox 688 2941 721 2983; x_wconf 88' lang='lat' dir='ltr'><strong>se</strong></span> <span class='ocrx_word' id='word_1_198' title='bbox 742 2942 836 2983; x_wconf 86' lang='lat' dir='ltr'><strong>nexa.</strong></span> <span class='ocrx_word' id='word_1_199' title='bbox 881 2918 1107 3001; x_wconf 82' lang='lat' dir='ltr'><strong>Reputandum</strong></span> <span class='ocrx_word' id='word_1_200' title='bbox 1134 2921 1183 2982; x_wconf 90' lang='lat' dir='ltr'><strong>est</strong></span> <span class='ocrx_word' id='word_1_201' title='bbox 1205 2921 1328 3001; x_wconf 76' lang='lat' dir='ltr'><strong>autem,</strong></span> <span class='ocrx_word' id='word_1_202' title='bbox 1352 2910 1414 2980; x_wconf 87' lang='lat' dir='ltr'><strong>haul</strong></span> 
     </span>
     <span class='ocr_line' id='line_1_25' title="bbox 301 3027 1415 3114; baseline -0.003 -22"><span class='ocrx_word' id='word_1_203' title='bbox 301 3052 374 3092; x_wconf 89' lang='lat' dir='ltr'><strong>raro</strong></span> <span class='ocrx_word' id='word_1_204' title='bbox 400 3031 435 3092; x_wconf 91' lang='lat' dir='ltr'><strong>in</strong></span> <span class='ocrx_word' id='word_1_205' title='bbox 457 3031 518 3093; x_wconf 92' lang='lat' dir='ltr'><strong>hcc</strong></span> <span class='ocrx_word' id='word_1_206' title='bbox 540 3051 657 3114; x_wconf 89' lang='lat' dir='ltr'><strong>genere</strong></span> <span class='ocrx_word' id='word_1_207' title='bbox 680 3050 811 3112; x_wconf 88' lang='lat' dir='ltr'><strong>operoso</strong></span> <span class='ocrx_word' id='word_1_208' title='bbox 840 3032 1099 3113; x_wconf 88' lang='lat' dir='ltr'><strong>argumentorum</strong></span> <span class='ocrx_word' id='word_1_209' title='bbox 1125 3027 1339 3092; x_wconf 84' lang='lat' dir='ltr'><strong>instrumenta</strong></span> <span class='ocrx_word' id='word_1_210' title='bbox 1358 3045 1415 3106; x_wconf 66' lang='lat' dir='ltr'><strong>opus</strong></span> 
     </span>
     <span class='ocr_line' id='line_1_26' title="bbox 303 3137 1415 3223; baseline -0.003 -22"><span class='ocrx_word' id='word_1_211' title='bbox 303 3161 380 3221; x_wconf 85' lang='lat' dir='ltr'><strong>esso,</strong></span> <span class='ocrx_word' id='word_1_212' title='bbox 405 3162 442 3202; x_wconf 86' lang='lat' dir='ltr'><strong>ex</strong></span> <span class='ocrx_word' id='word_1_213' title='bbox 466 3140 578 3223; x_wconf 91' lang='lat' dir='ltr'><strong>quibus</strong></span> <span class='ocrx_word' id='word_1_214' title='bbox 601 3139 871 3222; x_wconf 88' lang='lat' dir='ltr'><strong>simplicissimum</strong></span> <span class='ocrx_word' id='word_1_215' title='bbox 893 3137 1020 3222; x_wconf 88' lang='lat' dir='ltr'><strong>aliquod</strong></span> <span class='ocrx_word' id='word_1_216' title='bbox 1042 3138 1099 3201; x_wconf 86' lang='lat' dir='ltr'><strong>fiat</strong></span> <span class='ocrx_word' id='word_1_217' title='bbox 1122 3137 1286 3202; x_wconf 88' lang='lat' dir='ltr'><strong>iudicium.</strong></span> <span class='ocrx_word' id='word_1_218' title='bbox 1330 3137 1415 3216; x_wconf 75' lang='lat' dir='ltr'><strong>ltapn</strong></span> 
     </span>
     <span class='ocr_line' id='line_1_27' title="bbox 301 3244 1414 3332; baseline -0.005 -21"><span class='ocrx_word' id='word_1_219' title='bbox 301 3270 367 3311; x_wconf 89' lang='lat' dir='ltr'><strong>non</strong></span> <span class='ocrx_word' id='word_1_220' title='bbox 390 3252 438 3311; x_wconf 88' lang='lat' dir='ltr'><strong>est</strong></span> <span class='ocrx_word' id='word_1_221' title='bbox 459 3249 590 3332; x_wconf 78' lang='lat' dir='ltr'><strong>mirum,</strong></span> <span class='ocrx_word' id='word_1_222' title='bbox 621 3250 808 3313; x_wconf 89' lang='lat' dir='ltr'><strong>coniunctas</strong></span> <span class='ocrx_word' id='word_1_223' title='bbox 831 3270 903 3312; x_wconf 91' lang='lat' dir='ltr'><strong>cum</strong></span> <span class='ocrx_word' id='word_1_224' title='bbox 923 3247 985 3312; x_wconf 88' lang='lat' dir='ltr'><strong>hac</strong></span> <span class='ocrx_word' id='word_1_225' title='bbox 1007 3247 1193 3332; x_wconf 87' lang='lat' dir='ltr'><strong>quaestione</strong></span> <span class='ocrx_word' id='word_1_226' title='bbox 1222 3269 1292 3312; x_wconf 88' lang='lat' dir='ltr'><strong>esse</strong></span> <span class='ocrx_word' id='word_1_227' title='bbox 1318 3244 1414 3310; x_wconf 70' lang='lat' dir='ltr'><strong>uberis</strong></span> 
     </span>
     <span class='ocr_line' id='line_1_28' title="bbox 302 3358 1414 3443; baseline -0.007 -22"><span class='ocrx_word' id='word_1_228' title='bbox 302 3380 351 3422; x_wconf 86' lang='lat' dir='ltr'><strong>res</strong></span> <span class='ocrx_word' id='word_1_229' title='bbox 366 3358 519 3443; x_wconf 87' lang='lat' dir='ltr'><strong>quasdam</strong></span> <span class='ocrx_word' id='word_1_230' title='bbox 542 3359 785 3442; x_wconf 68' lang='lat' dir='ltr'><strong>disputationes</strong></span> <span class='ocrx_word' id='word_1_231' title='bbox 809 3380 887 3442; x_wconf 90' lang='lat' dir='ltr'><strong>quas</strong></span> <span class='ocrx_word' id='word_1_232' title='bbox 910 3358 936 3422; x_wconf 91' lang='lat' dir='ltr'><strong>si</strong></span> <span class='ocrx_word' id='word_1_233' title='bbox 959 3381 1043 3422; x_wconf 86' lang='lat' dir='ltr'><strong>ame</strong></span> <span class='ocrx_word' id='word_1_234' title='bbox 1066 3358 1188 3422; x_wconf 87' lang='lat' dir='ltr'><strong>alienas</strong></span> <span class='ocrx_word' id='word_1_235' title='bbox 1212 3358 1414 3422; x_wconf 85' lang='lat' dir='ltr'><strong>existimarem.</strong></span> 
     </span>
     <span class='ocr_line' id='line_1_29' title="bbox 300 3465 1414 3554; baseline -0.002 -23"><span class='ocrx_word' id='word_1_236' title='bbox 300 3469 443 3552; x_wconf 83' lang='lat' dir='ltr'><strong>profecto</strong></span> <span class='ocrx_word' id='word_1_237' title='bbox 467 3469 629 3553; x_wconf 86' lang='lat' dir='ltr'><strong>philologo</strong></span> <span class='ocrx_word' id='word_1_238' title='bbox 650 3491 763 3552; x_wconf 88' lang='lat' dir='ltr'><strong>parum</strong></span> <span class='ocrx_word' id='word_1_239' title='bbox 786 3468 883 3553; x_wconf 88' lang='lat' dir='ltr'><strong>digne</strong></span> <span class='ocrx_word' id='word_1_240' title='bbox 906 3490 1048 3554; x_wconf 88' lang='lat' dir='ltr'><strong>agerem:</strong></span> <span class='ocrx_word' id='word_1_241' title='bbox 1077 3489 1140 3552; x_wconf 89' lang='lat' dir='ltr'><strong>qua</strong></span> <span class='ocrx_word' id='word_1_242' title='bbox 1162 3471 1275 3532; x_wconf 85' lang='lat' dir='ltr'><strong>tamen</strong></span> <span class='ocrx_word' id='word_1_243' title='bbox 1297 3468 1330 3532; x_wconf 92' lang='lat' dir='ltr'><strong>in</strong></span> <span class='ocrx_word' id='word_1_244' title='bbox 1349 3465 1414 3529; x_wconf 76' lang='lat' dir='ltr'><strong>red</strong></span> 
     </span>
     <span class='ocr_line' id='line_1_30' title="bbox 301 3578 1415 3661; baseline -0.004 -20"><span class='ocrx_word' id='word_1_245' title='bbox 301 3579 520 3661; x_wconf 85' lang='lat' dir='ltr'><strong>perspicuitati</strong></span> <span class='ocrx_word' id='word_1_246' title='bbox 543 3578 732 3642; x_wconf 90' lang='lat' dir='ltr'><strong>studendum</strong></span> <span class='ocrx_word' id='word_1_247' title='bbox 756 3579 817 3642; x_wconf 90' lang='lat' dir='ltr'><strong>erit</strong></span> <span class='ocrx_word' id='word_1_248' title='bbox 840 3578 1008 3660; x_wconf 87' lang='lat' dir='ltr'><strong>imprimis,</strong></span> <span class='ocrx_word' id='word_1_249' title='bbox 1033 3582 1065 3640; x_wconf 91' lang='lat' dir='ltr'><strong>et</strong></span> <span class='ocrx_word' id='word_1_250' title='bbox 1086 3580 1244 3661; x_wconf 88' lang='lat' dir='ltr'><strong>quantum</strong></span> <span class='ocrx_word' id='word_1_251' title='bbox 1266 3579 1333 3642; x_wconf 92' lang='lat' dir='ltr'><strong>fieri</strong></span> <span class='ocrx_word' id='word_1_252' title='bbox 1353 3595 1415 3639; x_wconf 78' lang='lat' dir='ltr'><strong>cunr·</strong></span> 
     </span>
     <span class='ocr_line' id='line_1_31' title="bbox 300 3677 1415 3772; baseline -0.009 -22"><span class='ocrx_word' id='word_1_253' title='bbox 300 3710 360 3771; x_wconf 87' lang='lat' dir='ltr'><strong>que</strong></span> <span class='ocrx_word' id='word_1_254' title='bbox 387 3689 505 3772; x_wconf 88' lang='lat' dir='ltr'><strong>poterit</strong></span> <span class='ocrx_word' id='word_1_255' title='bbox 532 3689 685 3752; x_wconf 89' lang='lat' dir='ltr'><strong>narrandi</strong></span> <span class='ocrx_word' id='word_1_256' title='bbox 713 3689 872 3752; x_wconf 84' lang='lat' dir='ltr'><strong>brevitati.</strong></span> <span class='ocrx_word' id='word_1_257' title='bbox 922 3687 1078 3752; x_wconf 80' lang='lat' dir='ltr'><strong>Exordior</strong></span> <span class='ocrx_word' id='word_1_258' title='bbox 1105 3690 1215 3750; x_wconf 87' lang='lat' dir='ltr'><strong>autem</strong></span> <span class='ocrx_word' id='word_1_259' title='bbox 1242 3689 1285 3751; x_wconf 89' lang='lat' dir='ltr'><strong>ab</strong></span> <span class='ocrx_word' id='word_1_260' title='bbox 1313 3677 1415 3750; x_wconf 80' lang='lat' dir='ltr'><strong>Aeliuri</strong></span> 
     </span>
    </p>
   </div>
   <div class='ocr_carea' id='block_1_3' title="bbox 299 3989 1453 4433">
    <p class='ocr_par' dir='ltr' id='par_1_5' title="bbox 299 3989 1453 4433">
     <span class='ocr_line' id='line_1_32' title="bbox 367 3989 1415 4063; baseline -0.009 -16"><span class='ocrx_word' id='word_1_261' title='bbox 367 3994 391 4062; x_wconf 63' lang='lat' dir='ltr'><strong>t)</strong></span> <span class='ocrx_word' id='word_1_262' title='bbox 411 3996 535 4063; x_wconf 71' lang='lat' dir='ltr'><strong>[ltegern</strong></span> <span class='ocrx_word' id='word_1_263' title='bbox 553 4010 607 4048; x_wconf 88' lang='lat' dir='ltr'><strong>non</strong></span> <span class='ocrx_word' id='word_1_264' title='bbox 625 3990 820 4062; x_wconf 84' lang='lat' dir='ltr'><strong>philosophum</strong></span> <span class='ocrx_word' id='word_1_265' title='bbox 838 3989 1075 4062; x_wconf 85' lang='lat' dir='ltr'><strong>interpretandum</strong></span> <span class='ocrx_word' id='word_1_266' title='bbox 1094 4007 1155 4046; x_wconf 79' lang='lat' dir='ltr'><strong>esec</strong></span> <span class='ocrx_word' id='word_1_267' title='bbox 1173 3989 1337 4047; x_wconf 80' lang='lat' dir='ltr'><strong>Archelarmr</strong></span> <span class='ocrx_word' id='word_1_268' title='bbox 1354 4000 1415 4052; x_wconf 65' lang='lat' dir='ltr'><strong>argu</strong></span> 
     </span>
     <span class='ocr_line' id='line_1_33' title="bbox 300 4080 1453 4155; baseline -0.007 -16"><span class='ocrx_word' id='word_1_269' title='bbox 300 4087 399 4141; x_wconf 75' lang='lat' dir='ltr'><strong>inentis</strong></span> <span class='ocrx_word' id='word_1_270' title='bbox 417 4085 453 4140; x_wconf 86' lang='lat' dir='ltr'><strong>ad</strong></span> <span class='ocrx_word' id='word_1_271' title='bbox 471 4088 693 4155; x_wconf 72' lang='lat' dir='ltr'><strong>persuadentem</strong></span> <span class='ocrx_word' id='word_1_272' title='bbox 712 4087 779 4140; x_wconf 81' lang='lat' dir='ltr'><strong>satis</strong></span> <span class='ocrx_word' id='word_1_273' title='bbox 798 4087 934 4155; x_wconf 85' lang='lat' dir='ltr'><strong>appositis</strong></span> <span class='ocrx_word' id='word_1_274' title='bbox 952 4087 1071 4155; x_wconf 86' lang='lat' dir='ltr'><strong>probare</strong></span> <span class='ocrx_word' id='word_1_275' title='bbox 1090 4085 1209 4148; x_wconf 87' lang='lat' dir='ltr'><strong>studuit,</strong></span> <span class='ocrx_word' id='word_1_276' title='bbox 1228 4085 1305 4138; x_wconf 83' lang='lat' dir='ltr'><strong>errius</strong></span> <span class='ocrx_word' id='word_1_277' title='bbox 1321 4084 1346 4135; x_wconf 90' lang='lat' dir='ltr'><strong>in</strong></span> <span class='ocrx_word' id='word_1_278' title='bbox 1362 4080 1408 4132; x_wconf 83' lang='lat' dir='ltr'><strong>llnr</strong></span> <span class='ocrx_word' id='word_1_279' title='bbox 1452 4125 1453 4128; x_wconf 72' lang='grc'>,</span> 
     </span>
     <span class='ocr_line' id='line_1_34' title="bbox 299 4170 1415 4250; baseline -0.012 -18"><span class='ocrx_word' id='word_1_280' title='bbox 299 4180 390 4233; x_wconf 82' lang='lat' dir='ltr'><strong>cellini</strong></span> <span class='ocrx_word' id='word_1_281' title='bbox 412 4179 571 4235; x_wconf 83' lang='lat' dir='ltr'><strong>testimonio</strong></span> <span class='ocrx_word' id='word_1_282' title='bbox 595 4179 765 4250; x_wconf 85' lang='lat' dir='ltr'><strong>expediendo</strong></span> <span class='ocrx_word' id='word_1_283' title='bbox 788 4197 892 4246; x_wconf 86' lang='lat' dir='ltr'><strong>magna</strong></span> <span class='ocrx_word' id='word_1_284' title='bbox 920 4178 1064 4246; x_wconf 86' lang='lat' dir='ltr'><strong>diligentia</strong></span> <span class='ocrx_word' id='word_1_285' title='bbox 1091 4176 1155 4240; x_wconf 82' lang='lat' dir='ltr'><strong>luit,</strong></span> <span class='ocrx_word' id='word_1_286' title='bbox 1184 4177 1371 4244; x_wconf 78' lang='lat' dir='ltr'><strong>Krnegerns</strong></span> <span class='ocrx_word' id='word_1_287' title='bbox 1390 4170 1415 4220; x_wconf 59' lang='lat' dir='ltr'><strong>dv</strong></span> 
     </span>
     <span class='ocr_line' id='line_1_35' title="bbox 299 4269 1414 4342; baseline -0.007 -19"><span class='ocrx_word' id='word_1_288' title='bbox 299 4273 357 4325; x_wconf 82' lang='lat' dir='ltr'><strong>rita</strong></span> <span class='ocrx_word' id='word_1_289' title='bbox 375 4273 543 4341; x_wconf 69' lang='lat' dir='ltr'><strong>Thucydidis</strong></span> <span class='ocrx_word' id='word_1_290' title='bbox 567 4273 670 4337; x_wconf 82' lang='lat' dir='ltr'><strong>(Berol.</strong></span> <span class='ocrx_word' id='word_1_291' title='bbox 691 4291 715 4325; x_wconf 85' lang='lat' dir='ltr'><strong>a.</strong></span> <span class='ocrx_word' id='word_1_292' title='bbox 737 4277 816 4338; x_wconf 70' lang='lat'>1832)</span> <span class='ocrx_word' id='word_1_293' title='bbox 840 4292 865 4342; x_wconf 86' lang='lat' dir='ltr'><strong>p.</strong></span> <span class='ocrx_word' id='word_1_294' title='bbox 886 4279 915 4324; x_wconf 84' lang='grc'><strong>61</strong></span> <span class='ocrx_word' id='word_1_295' title='bbox 936 4287 996 4338; x_wconf 83' lang='lat' dir='ltr'><strong>sqq.</strong></span> <span class='ocrx_word' id='word_1_296' title='bbox 1022 4287 1139 4337; x_wconf 89' lang='lat' dir='ltr'><strong>cumque</strong></span> <span class='ocrx_word' id='word_1_297' title='bbox 1162 4273 1287 4330; x_wconf 76' lang='lat' dir='ltr'><strong>secutas,</strong></span> <span class='ocrx_word' id='word_1_298' title='bbox 1316 4269 1376 4320; x_wconf 73' lang='lat' dir='ltr'><strong>alios</strong></span> <span class='ocrx_word' id='word_1_299' title='bbox 1395 4272 1414 4311; x_wconf 82' lang='lat' dir='ltr'><strong>n</strong></span> 
     </span>
     <span class='ocr_line' id='line_1_36' title="bbox 301 4365 1007 4433; baseline -0.007 -14"><span class='ocrx_word' id='word_1_300' title='bbox 301 4366 441 4433; x_wconf 78' lang='lat' dir='ltr'><strong>omittam,</strong></span> <span class='ocrx_word' id='word_1_301' title='bbox 461 4367 596 4419; x_wconf 64' lang='lat' dir='ltr'><strong>Prodemus</strong></span> <span class='ocrx_word' id='word_1_302' title='bbox 615 4366 649 4418; x_wconf 87' lang='lat' dir='ltr'><strong>de</strong></span> <span class='ocrx_word' id='word_1_303' title='bbox 669 4366 842 4432; x_wconf 69' lang='lat' dir='ltr'><strong>l&#39;raxiplnun*</strong></span> <span class='ocrx_word' id='word_1_304' title='bbox 860 4384 886 4432; x_wconf 90' lang='lat' dir='ltr'><strong>p.</strong></span> <span class='ocrx_word' id='word_1_305' title='bbox 905 4371 937 4416; x_wconf 70' lang='lat'><strong>20</strong></span> <span class='ocrx_word' id='word_1_306' title='bbox 956 4365 1007 4430; x_wconf 78' lang='lat' dir='ltr'><strong>sq]</strong></span> 
     </span>
    </p>
   </div>
   <div class='ocr_carea' id='block_1_4' title="bbox 0 0 1476 5134">
    <p class='ocr_par' dir='ltr' id='par_1_6' title="bbox 0 0 1476 5134">
     <span class='ocr_line' id='line_1_37' title="bbox 0 0 1476 5134; baseline 0 0"><span class='ocrx_word' id='word_1_307' title='bbox 0 0 1476 5134; x_wconf 95' lang='lat' dir='ltr'><strong> </strong></span> 
     </span>
    </p>
   </div>
  </div>
 </body>
</html>
