2990 5140
462 355 581 414 unove
603 354 820 402 numenoio.
1152 337 1212 402 183

65 510 191 575 Confer
224 508 307 593 quod
340 509 379 572 de
401 459 518 591 'primu
549 529 672 591 queque
705 507 826 591 pagine
858 528 959 570 vacua
992 506 1211 591 praecepimus

63 644 98 703 p.
128 620 191 684 123
213 619 322 683 adnot.
367 617 455 693 Quae
479 639 550 682 cum
572 617 618 680 ita
640 617 722 699 sint,
746 615 919 680 conicimus
941 617 1035 700 plene
1057 616 1211 700 scriptum

63 729 169 794 fuisse
185 729 363 794 ΑΡΙΘΜΟ(
377 717 404 792 5<
420 729 474 792 ΕΠ
477 730 519 793 Ητ
546 727 676 791 temetsi
698 725 865 790 fatendum
888 729 936 790 est
958 727 1092 792 alterum
1117 725 1211 790 huius

62 840 156 903 vocis
172 839 354 922 exemplum
368 839 403 902 in
424 837 475 902 his
496 837 624 922 quidem
639 835 852 900 voluminibus
873 857 939 900 non
953 839 1115 920 repertum
1130 857 1208 900 esse.

62 949 262 1014 Rectissime
284 949 385 1032 igitur
407 948 445 1012 de
467 947 552 1011 iilius
575 947 674 1030 ipsius
696 946 882 1028 voluminis,
911 945 998 1010 cuius
1023 947 1060 1010 17
1083 949 1210 1010 tentum

63 1059 209 1143 paginas
223 1061 380 1122 memoret
396 1057 568 1142 Cetclogus
584 1057 662 1139 On,
684 1056 873 1140 integritate
887 1055 964 1120 oiim
979 1055 1209 1120 dubitavimus:

61 1191 129 1254 quo
158 1169 287 1253 quidem
308 1189 375 1233 non
402 1167 516 1231 leviter
537 1167 641 1230 omnis
664 1166 715 1230 vie
742 1166 799 1229 ille
822 1165 1076 1248 commendetur,
1106 1188 1169 1250 que
1192 1189 1210 1230 e

61 1279 315 1342 difficultatibus
343 1299 410 1342 non
436 1276 648 1341 mediocribus
681 1297 739 1340 nos
768 1275 917 1360 expedire
949 1297 980 1359 p.
1012 1275 1071 1340 127
1102 1277 1208 1341 consti

61 1410 188 1453 sumus.
209 1386 374 1452 -Simul
397 1387 532 1451 alterurn
554 1385 643 1450 necti
670 1407 776 1450 sumus
802 1385 1055 1470 significatarum
1075 1387 1209 1452 (ελὶδων

61 1498 251 1581 exemplum
272 1499 401 1581 praeter
424 1496 518 1578 iliud,
542 1495 625 1581 quod
647 1496 848 1560 coniecturae
866 1499 995 1558 tentum
1016 1494 1208 1559 debebamus

61 1631 96 1691 p.
118 1607 182 1672 128
203 1607 395 1692 propositae.
441 1605 503 1672 Sed
526 1628 597 1670 curn
621 1606 865 1672 ΚΟΛΛΗΜΑΤΑ
887 1605 1031 1671 (ΕΔΙΟΗ
1055 1603 1209 1688 interpre-

60 1717 128 1781 tati
159 1738 298 1781 essemus
324 1718 506 1796 κολλήματα
533 1717 682 1799 cetibus,
719 1717 754 1780 ut
781 1715 905 1780 numeri
937 1718 1017 1778 note
1043 1695 1208 1778 eicnuisse

60 1829 253 1910 putaretur,
280 1825 365 1891 benc
387 1827 487 1890 latere
509 1825 614 1909 potius
636 1825 671 1890 in
693 1825 837 1892 (ΕΔΙΟΗ
861 1823 1050 1909 Spengelius
1072 1824 1207 1908 monuit,

60 1938 112 2001 sic
140 1936 286 2026 quidem:
314 1940 389 2004 εελι.
420 1931 469 2016 οη’
497 1935 529 2000 b.
553 1957 580 2000 e.
609 1942 795 2016 popinarum
819 1935 869 1999 78.
914 1933 999 2010 Ques
1027 1933 1108 1998 udde
1136 1935 1207 1998 reii-

60 2049 137 2132 quis
167 2046 336 2130 exemplis,
367 2045 480 2130 quibus
507 2066 573 2109 non
602 2067 710 2109 rorem
736 2043 834 2108 fnisse
861 2046 988 2108 tentem
1014 2043 1207 2128 paginarum

60 2157 149 2242 (sive
179 2157 414 2238 columnarum,
441 2158 477 2218 ut
505 2154 599 2219 bodie
626 2153 797 2239 loquimur)
820 2153 1055 2218 multitudinem
1078 2153 1206 2218 demon·

59 2267 239 2331 stravimus
254 2288 285 2348 p.
302 2266 353 2332 30.
372 2265 443 2331 127.
481 2263 586 2339 Quid?
607 2264 690 2348 quod
712 2264 819 2347 plures
841 2263 939 2328 etiem
960 2285 1056 2347 quem
1079 2267 1207 2330 centum

57 2376 209 2460 paginae
224 2374 431 2460 perhibentur
446 2375 513 2438 cius
527 2373 697 2438 voluminis
713 2395 791 2455 esse,
808 2395 870 2457 quo
884 2371 1063 2438 Philodemi
1078 2395 1095 2438 e
1108 2372 1207 2438 Zeno-

57 2487 115 2551 nis
131 2487 207 2564 περὶ
228 2486 316 2564 ἠθῶν
331 2487 382 2550 καὶ
402 2485 480 2565 βίων
495 2484 586 2548 libris
601 2486 752 2568 excerpta
767 2483 982 2548 continentur.
1018 2481 1101 2547 Vide
1121 2483 1207 2546 Acta

59 2597 304 2680 philologorum
318 2594 550 2678 Norimbergce
573 2597 841 2680 congregatorum
861 2615 893 2678 p.
913 2593 962 2657 18.
1003 2591 1090 2679 [Alia
1112 2613 1207 2676 quee-

57 2706 140 2768 ‹lam
155 2703 220 2768 huc
234 2703 429 2788 pertinentia
445 2725 516 2767 cum
527 2703 679 2788 Spengeli
693 2707 762 2770 tum
774 2701 944 2786 Gompemi
959 2723 1099 2786 nuperae
1112 2723 1206 2768 curce

58 2815 98 2879 in
119 2813 336 2878 voluminibus
358 2813 652 2878 Herculanensibus
675 2813 798 2897 positae
821 2813 973 2896 praebere
996 2811 1171 2900 potcnmt.]

149 2923 182 2988 4.
213 2923 359 2989 Ceterum
382 2923 421 2988 de
446 2924 642 3006 (τιχομετρίᾳ
663 2923 811 2987 universa
832 2922 900 3007 egit
922 2924 1049 3005 praeter
1063 2921 1206 2986 Ionsium

58 3034 210 3117 aliosque
229 3034 306 3098 olim
321 3055 340 3096 c
356 3033 450 3116 nobis
466 3035 727 3098 commemoratos
747 3032 843 3096 etism
862 3031 1059 3096 Schwcrzius
1080 3031 1137 3096 ‘de
1154 3053 1206 3096 or-

57 3143 229 3207 namentis
244 3143 412 3206 librorum’
430 3165 460 3225 p.
477 3142 518 3206 62
533 3165 592 3227 sq„
610 3165 629 3206 e
643 3142 757 3227 quibus
772 3145 935 3226 tamquam
949 3141 1050 3206 nubes
1065 3141 1205 3206 virorum

57 3254 232 3316 doctorum
261 3252 401 3335 cogitur,
431 3252 486 3336 qui
513 3251 548 3316 in
570 3253 680 3316 codem
707 3273 825 3336 genere
853 3251 1097 3336 elnborarint*).
1142 3251 1204 3316 Sed

57 3383 122 3426 noe
151 3361 280 3446 quidem
308 3383 368 3426 nec
396 3360 552 3446 Scaligeri
580 3360 767 3446 Pithceique
799 3381 859 3424 nec
887 3359 1030 3443 Bcrthii,
1065 3359 1204 3454 Heinsii,

56 3471 182 3554 Lipsii,
207 3471 297 3553 Ceri,
321 3469 458 3554 Valesii,
481 3471 536 3535 Er.
560 3469 730 3553 Schmidii,
755 3470 891 3553 Glessii,
919 3469 1093 3552 munden,
1123 3469 1205 3534 Stol-

56 3579 174 3665 bergi,
203 3579 343 3664 Simoni,
373 3579 568 3664 Mmtiencyi
596 3580 829 3664 disputationes
851 3579 1002 3644 vidimus:
1034 3601 1095 3644 nec
1117 3601 1204 3644 nunc

55 3690 261 3775 perscrutari
275 3693 379 3754 vacet.
419 3689 612 3776 Diligentius
628 3712 725 3774 quem
739 3691 843 3774 ipsam
859 3711 1005 3754 versuum
1018 3711 1203 3756 mensurum

55 3800 190 3864 Ionsius
212 3797 261 3881 Π,
290 3799 321 3881 5,
346 3801 364 3864 7
387 3822 418 3884 p.
449 3799 509 3864 162
537 3822 584 3883 sq.
614 3799 662 3864 ed.
691 3799 760 3864 len.
789 3799 880 3864 illum
906 3799 1011 3864 locum
1037 3801 1201 3884 tractavit,

56 3909 114 3994 qui
147 3911 198 3972 est
230 3907 269 3971 de
290 3906 443 3972 librorum
476 3908 626 3974 initiis:
660 3928 753 3993 quem
782 3929 841 3974 nos
873 3908 1038 3994 tetigimus
1065 3932 1098 3994 p.
1130 3909 1200 3974 114.

129 4113 157 4178 ⁸)
177 4108 266 4178 [Adde
284 4125 301 4163 e
317 4108 459 4164 Vocmclio
478 4112 708 4166 commemoratos
726 4113 744 4164 1.
764 4128 784 4164 s.
804 4129 825 4166 s.
844 4129 871 4180 p.
890 4117 940 4166 220
958 4117 973 4178 5
992 4117 1032 4168 '18.
1067 4109 1122 4164 Vbi
1140 4127 1202 4166 cum

56 4201 192 4258 Morellio
219 4203 293 4255 teste
316 4201 444 4270 ‘egregie
467 4203 502 4256 de
525 4202 715 4258 sticbometris
737 4205 802 4272 post
823 4202 892 4258 ebes
920 4203 1081 4258 disseruisse
1103 4203 1202 4259 Frater

58 4293 179 4350 Gabriel
190 4291 310 4362 Fabricy
321 4295 350 4347 in
362 4293 498 4349 diatribe’
517 4295 637 4363 quedem
650 4311 730 4350 secra
742 4295 852 4364 dicitur,
870 4313 966 4352 vereor
978 4313 1013 4352 nc
1030 4295 1200 4368 investigato

56 4387 133 4442 libro
154 4385 291 4442 carbones
309 4385 393 4442 simus
410 4404 462 4460 pro
478 4387 610 4445 thesauro
628 4387 785 4460 inventuri]
