2982 5146
365 375 412 422 aa
435 377 526 422 alna.
550 375 655 423 saux.
679 375 722 420 aa
745 373 959 424 ersrsrnaro.
1173 357 1232 418 143

77 528 219 591 studiis:
249 549 324 592 nam
351 527 390 590 de
418 527 628 612 Pergamenis
656 527 762 590 dicere
791 548 877 590 nuuc
905 525 985 589 nihil
1014 525 1141 588 attinet.
1193 523 1231 588 ln

76 661 148 723 quo
164 638 243 702 illud
257 660 356 704 unum
371 638 534 718 miramur,
550 639 644 722 quod,
662 659 733 702 cum
747 657 967 720 unaquaeque
983 657 1034 698 ars
1050 657 1068 698 a
1083 635 1232 699 tenuibus

77 771 201 813 exorsa
229 749 331 812 initiis
359 748 527 832 paullatim
554 749 754 812 incrementa
782 747 919 830 ceperit,
947 746 1010 810 ista
1033 745 1159 830 quidem
1181 746 1232 808 lit-

76 864 230 922 terarum
272 859 407 923 historia
449 858 677 943 propemodum
714 856 823 921 adulta
860 857 895 921 in
930 857 1000 940 ipso
1037 856 1233 920 Callimacho

77 973 234 1054 apparet.
266 969 346 1032 Tam
369 969 456 1033 enim
477 969 665 1053 magnifice,
689 967 938 1049 necimmerito,
962 966 1001 1030 de
1017 966 1233 1031 Callimachea

76 1103 186 1164 opera
200 1081 235 1144 in
257 1079 483 1164 permaticndis
505 1101 693 1164 graecarum
709 1079 887 1142 litterarum
910 1077 1024 1160 spatiis
1046 1077 1150 1160 posita
1165 1079 1233 1161 ipse

77 1191 315 1274 Bernhardyus
349 1189 502 1254 iudicavit
528 1189 614 1253 Hist.
643 1189 705 1252 litt.
734 1210 784 1273 gr.
813 1188 828 1251 1
856 1211 887 1272 p.
920 1189 990 1252 134.
1041 1187 1159 1263 Quodsi
1193 1189 1234 1252 ab

77 1302 151 1365 ista
173 1301 343 1366 miratione
366 1299 501 1384 profecti
524 1299 661 1384 vestigia
684 1298 954 1382 circumspicimus
967 1296 1115 1362 'eiusdem
1137 1299 1233 1363 studii

78 1411 178 1495 prius
199 1411 264 1474 iam
287 1411 372 1474 inter
388 1410 624 1474 Alexandrinos
647 1409 887 1490 subnascentis,
912 1408 1084 1473 deserimur
1102 1431 1176 1474 ecce
1199 1411 1232 1474 in

81 1523 331 1606 Lycophroncm
345 1520 589 1584 (lhalcidensem
604 1521 676 1600 περὶ
691 1520 857 1604 κωμῳδία(
873 1520 1076 1602 scriptorem,
1101 1542 1233 1604 eumque

78 1633 150 1715 ipsi
175 1630 383 1695 Eratostheni
406 1631 571 1714 cognitum
594 1634 627 1693 et
648 1631 690 1692 ab
713 1629 789 1710 hoc,
814 1633 849 1692 111
871 1630 1023 1713 exemplis
1047 1633 1119 1714 post
1137 1629 1233 1695 1111111-

79 1741 284 1806 stcrhusium
298 1741 333 1804 in
349 1741 433 1804 Plut.
450 1764 482 1824 p.
498 1741 563 1805 470
578 1738 705 1804 Schaef.
723 1762 742 1802 a
758 1739 918 1804 hleinekio
941 1740 1026 1804 Hist.
1050 1741 1120 1804 crit.
1144 1763 1175 1824 p.
1196 1743 1234 1804 10

80 1852 274 1936 compositis
301 1851 516 1936 intellegitur,
552 1871 616 1914 non
651 1872 723 1913 raro
752 1854 928 1914 correctum
956 1851 1006 1914 vel
1040 1852 1231 1935 suppletum.

79 1962 209 2038 Quodsi
232 1962 366 2026 eundem
388 1961 629 2045 Lycophronem
658 1961 721 2024 iam
744 1960 918 2042 accipimus
945 1961 1065 2044 scripta
1089 1962 1233 2044 exempla
1252 1978 1266 2023 ι’

80 2073 231 2137 comicae
252 2073 372 2156 poesis,
402 2093 460 2155 per
484 2071 697 2135 bibliothecae
727 2070 966 2134 Alexandrinae
994 2070 1107 2135 horrea
1137 2073 1233 2136 etiam

79 2189 157 2246 tum
186 2183 335 2263 disiecta,
364 2183 398 2245 in
425 2203 525 2245 unum
554 2181 720 2262 collegisse
753 2185 785 2244 et
814 2181 847 2244 in
880 2181 1024 2244 ordinem
1057 2182 1233 2265 redegisse:

80 2293 166 2378 quid
193 2314 310 2378 quaeso
336 2292 441 2376 magis
469 2295 575 2375 potest
598 2291 646 2356 vel
675 2291 793 2354 rationi
815 2313 883 2352 esse
911 2295 1161 2356 consentaneum
1184 2295 1233 2356 vel

80 2404 272 2488 appositum
300 2405 340 2466 ad
369 2402 622 2486 persuasionem,
657 2423 753 2486 quam
787 2405 822 2464 ut
855 2401 947 2464 huius
980 2401 1078 2484 ipsius
1112 2403 1234 2486 negotii

80 2515 233 2578 rationes
256 2513 428 2578 reddiderit
456 2517 489 2576 et
511 2511 686 2576 studiorum
708 2533 837 2575 suorum
859 2511 1050 2574 comicorum
1072 2514 1234 2596 tamquam

81 2645 248 2689 summam
275 2622 552 2707 comprehenderit
580 2621 644 2686 illis
671 2620 716 2684 de.
745 2621 945 2684 comoedia
973 2623 1235 2686 commentariis?

82 2736 127 2799 de
163 2755 226 2818 quo
259 2755 387 2817 prorsus
415 2731 493 2797 mihi
525 2753 597 2796 cum
629 2731 790 2796 Meinckio
813 2732 984 2796 convenit.
1036 2732 1095 2796 His
1129 2738 1235 2797 autem

83 2844 331 2910 commentariis
363 2843 444 2908 nihil
477 2842 612 2926 impedit
643 2842 811 2926 quominus
844 2842 908 2905 alia
941 2843 1057 2923 multa,
1092 2843 1131 2906 ad
1164 2845 1235 2926 ipsa

85 2955 191 3018 rerba
218 2958 251 3018 et
277 2953 455 3018 sententias
481 2952 680 3037 quorundam
707 2957 873 3036 poetarum
899 2952 1120 3016 fabularumve
1148 2975 1235 3036 spec·

83 3065 198 3130 tantia
226 3064 278 3149 (de
306 3063 454 3144 thalinu,
484 3062 692 3144 Pherecrate,
723 3062 950 3145 Aristophanis
978 3062 1110 3148 Vespis,
1139 3063 1233 3146 Pace,

85 3176 204 3256 Pluto,
232 3173 569 3258 Thesmophoriazusis
596 3177 749 3236 testatum
778 3171 946 3258 habemus)
979 3174 1072 3237 docte
1101 3179 1133 3238 et
1164 3178 1235 3239 sub-

83 3287 195 3350 tiliter
215 3285 380 3348 miscuisse
403 3283 567 3348 credatur:
596 3282 771 3367 taliumque
793 3285 1045 3348 recordationem
1068 3285 1100 3348 in
1125 3308 1236 3349 caussa

84 3396 192 3460 fuisse
220 3395 315 3460 facile
342 3394 519 3478 suspicere,
550 3415 606 3457 cur
632 3415 673 3456 nc
701 3395 902 3474 διορθώεεωε
930 3394 1057 3478 quidem
1079 3397 1167 3460 notio
1195 3397 1236 3460 ab

85 3507 179 3570 illius
207 3527 343 3589 persona
366 3508 543 3586 arceretur,
572 3507 605 3567 et
632 3525 707 3568 vero
735 3502 871 3588 quodam
892 3505 1039 3568 modain
1063 3527 1133 3568 eum
1163 3527 1235 3569 con-

85 3615 228 3682 veniret.
274 3615 367 3680 Cous.
391 3613 601 3678 llrilzschiurn
623 3614 657 3677 in
680 3613 909 3698 Thesmophor.
934 3639 964 3699 p.
988 3617 1061 3680 208.

179 3725 286 3790 Tanta
320 3724 531 3810 congruentia
560 3723 756 3790 diversorum
789 3723 828 3787 dc
857 3725 1064 3808 Lycophrona
1096 3728 1237 3792 testimo-

86 3838 220 3902 niorum
248 3857 355 3900 nonne
383 3835 478 3898 fidem
504 3833 600 3916 facit,
631 3833 760 3898 veritati
789 3857 853 3898 non
888 3836 992 3900 minus
1021 3843 1237 3902 consentanea

87 3971 129 4012 ea
146 3967 234 4028 esse,
255 3967 336 4030 quae
353 3967 424 4010 cum
438 3945 503 4007 illis
519 3943 780 4008 coniunctissima
796 3945 878 4008 idem
895 3945 1062 4011 Plautinus
1080 3948 1237 4030 interpres

87 4055 252 4122 tradidit?
294 4059 361 4120 Aut
389 4055 475 4118 enim
501 4053 554 4118 hic
577 4076 653 4119 casu
680 4059 806 4119 tantum
834 4055 873 4119 dc
895 4057 1103 4140 Lycophrona
1131 4057 1162 4121 id
1190 4062 1239 4121 est

88 4167 317 4248 halucinatus,
350 4163 434 4250 quod
461 4185 589 4248 prorsus
620 4164 747 4229 aliunde
775 4167 883 4249 petitis
909 4168 1106 4252 argumentis
1129 4189 1238 4232 verum

90 4277 319 4361 cognovimus:
352 4275 435 4360 quod
462 4296 557 4338 nemo
584 4297 649 4338 non
677 4275 764 4340 videt
796 4299 891 4361 quam
918 4278 961 4341 sit
987 4278 1101 4341 mirum
1130 4283 1163 4342 et
1190 4280 1237 4343 iu·

91 4385 263 4450 credibile:
287 4389 342 4449 aut
363 4385 461 4448 etiam
475 4384 597 4470 reliqua
612 4385 674 4450 sibi
697 4387 782 4451 credi
797 4387 919 4452 tamdiu
933 4388 1070 4467 iubebit,
1087 4391 1237 4475 quamdiu
