2952 5132
259 331 323 395 522
629 349 676 394 ou
699 346 828 394 conica
851 348 1026 394 vuernaru

260 501 377 585 χρόνῳ.
419 499 509 563 Haec
531 499 677 584 intellegi
700 503 876 583 nequemrt:
900 501 929 564 ol
944 501 1097 580 Ῥωμαῖοι
1118 503 1204 563 recte
1226 501 1304 564 idem
1320 499 1371 582 Syl-

260 610 390 694 burgius
414 610 630 692 desiderabat,
660 611 765 674 minus
793 613 879 674 recte
907 611 1160 674 subaudiendum
1186 611 1319 692 dicebet3
1347 613 1373 676 cl

259 722 444 800 πολέμιοι
471 723 547 784 ante
573 722 630 785 τὰς
658 721 840 800 προςβολόις
869 741 906 783 ex
930 725 959 784 B
986 721 1131 785 accessit.
1168 759 1211 770 —
1244 721 1307 802 HI,
1330 721 1373 784 23:

258 833 408 897 arbritror
429 832 465 894 δὲ
487 832 537 894 καὶ
559 831 723 910 κράτιςτον
747 831 949 909 ἐπικουρικόν
964 831 999 896 ἐκ
1013 834 1068 909 τῆς
1085 833 1248 912 Ἀλβανῶν
1270 832 1374 895 πόλεως

260 940 395 1005 Μέττιος
419 941 618 1020 Φουφέττιος
641 940 715 1017 ἧκεν
740 939 829 1016 ἄγων
851 940 975 1005 ἁπόςας
990 940 1240 1020 ὑπερβάλλεςθαι
1253 943 1307 1006 τὰς
1320 961 1375 1018 ςυμ·

258 1053 389 1129 μαχικὰς
409 1051 564 1129 δυνάμεις.
607 1049 656 1113 Ibi
681 1050 761 1114 ὥςτε
784 1049 895 1112 abesse
917 1051 1020 1114 visum
1041 1050 1139 1114 Porto
1162 1055 1194 1115 et
1215 1050 1374 1135 Sylburgio,

225 1161 455 1240 ὃβουλόμενος
487 1159 666 1243 Stephano:
703 1160 847 1224 ὅπλοις
881 1162 1174 1240 κεκοιμημένον
1212 1161 1376 1240 ἐκπρεπέ-

258 1290 314 1334 ςιν
340 1270 434 1335 ὥςτε
457 1272 530 1356 post
551 1271 641 1346 ἄγων
664 1269 818 1332 excidisse
841 1272 897 1332 BC
917 1268 1044 1334 docent.
1067 1308 1110 1318 -
1130 1269 1191 1352 ΠΙ,
1215 1271 1274 1334 24:
1304 1273 1376 1334 ἐνθυ-

256 1381 406 1459 μηθέντες
429 1380 488 1445 οὖν
512 1379 559 1444 ότι
582 1380 617 1444 ἐν
641 1382 729 1461 καλῷ
751 1381 828 1443 τοὺς
852 1379 1011 1457 ἐχθίςτους
1033 1381 1124 1459 ἡμῶν
1145 1381 1273 1460 ἔχομεν,
1294 1381 1324 1444 ol
1333 1381 1377 1456 μὲν

258 1489 402 1568 ἀντικρυς
431 1489 590 1570 ἐπιόντες,
621 1489 651 1553 ol
680 1491 716 1554 δὲ
744 1490 893 1572 κατόπιν,
930 1490 1009 1576 ἔνθα
1038 1490 1113 1554 οὔτε
1141 1470 1252 1570 πρόςω
1279 1491 1377 1569 χωρεῖν

258 1600 329 1664 οὔτ>
357 1600 458 1664 όπίςω
486 1599 686 1679 ἐπιςτρέφειν
719 1602 892 1678 δυνάμενοι
923 1599 1059 1684 ποταμῷ
1086 1619 1121 1664 τε
1148 1601 1198 1664 καί
1231 1601 1298 1679 όρει
1326 1601 1379 1662 τῶν

256 1709 402 1786 πλαγίων
426 1708 684 1787 ἀποκλειόμενοι,
714 1709 789 1773 ἀλλ’
810 1709 855 1790 ἴτε
878 1711 934 1774 ςὺν
957 1711 1062 1793 πολλῇ
1085 1710 1317 1790 καταφρονήςει
1336 1707 1378 1771 ἐπ’

258 1819 383 1882 αὐτούς.
428 1817 579 1881 Mancam
607 1819 803 1901 orationem,
837 1819 935 1882 variis
965 1818 1146 1882 criticorum
1176 1817 1380 1882 conaminibus

257 1930 421 2009 vexatam,
451 1932 480 1990 B
501 1927 734 2012 redintegravit
760 1929 795 1992 iu
824 1929 908 1991 hauc
930 1928 1087 2010 speciem:
1123 1933 1258 2011 ποταμῷ
1284 1927 1381 1992 τεκαὶ

257 2037 326 2116 όρει
354 2038 393 2101 ἐκ
420 2041 487 2103 τῶν
516 2037 661 2114 πλαγίων
685 2038 928 2116 ἀποκλειόμενοι
950 2040 1071 2116 καλὴν
1093 2039 1287 2103 δώςουςιν
1308 2037 1380 2114 ἡμίν

256 2147 381 2229 δίκην,
405 2147 451 2212 ἴτε
474 2151 536 2212 κτλ.
581 2147 644 2211 Vbi
668 2148 695 2210 si
717 2147 918 2211 coniecturae
946 2146 1124 2210 debeantur
1145 2148 1181 2212 ἐκ
1202 2143 1381 2230 praepositio

258 2260 289 2320 et
312 2258 394 2322 ἀλλὰ
416 2257 592 2340 particulae
615 2256 762 2338 emicem,
793 2257 930 2320 feliciter
951 2259 987 2320 ut
1009 2275 1104 2340 saepe
1126 2255 1307 2320 emendatio
1327 2273 1381 2317 cor·

256 2367 373 2431 rectori
396 2368 563 2449 successit3
587 2369 621 2430 at
643 2367 699 2429 illa
721 2368 820 2445 καλὴν
841 2389 869 2430 e.
893 2389 923 2451 q.
948 2388 973 2430 s,
997 2388 1064 2431 uon
1086 2367 1217 2450 sapiunt
1238 2364 1382 2429 mehercle

257 2477 444 2542 correctoris
466 2476 643 2560 ingenium.
660 2514 702 2525 —
725 2477 755 2539 A
771 2477 903 2540 modicis
925 2477 1049 2540 lacunis
1065 2497 1123 2561 per
1136 2477 1274 2541 maiores
1295 2493 1382 2560 perge

257 2587 297 2650 ad
320 2586 543 2670 gravissimam
564 2585 605 2668 V,
629 2586 684 2650 47:
722 2588 866 2667 διαφέρει
893 2589 928 2652 δὲ
956 2587 1091 2666 θατέρου
1113 2590 1245 2666 πρῶτον
1268 2588 1323 2665 μὲν
1343 2585 1383 2646 ότι

257 2747 263 2760 .
287 2747 293 2759 .
317 2746 323 2760 .
346 2746 369 2772 .,
392 2695 494 2762 ἔπειθ’
518 2697 566 2760 ότι
589 2695 628 2761 οὐ
650 2699 709 2775 τὴν
731 2697 878 2776 ποικίλην
901 2700 951 2761 καί
972 2697 1170 2776 χρυςόςημον
1186 2696 1383 2775 ἀμφιέννυται

258 2809 372 2885 ςτολήν
402 2809 421 2885 ἢ
449 2810 605 2886 κοςμείται
637 2808 794 2887 τήβεννον
827 2808 865 2872 τό
893 2808 1067 2886 ἐπιχώριον
1099 2810 1167 2872 τῶν
1201 2807 1331 2871 ὑπάτων
1357 2823 1383 2865 τε

256 2917 306 2980 καὶ
328 2921 512 2995 ςτρατηγῶν
533 2916 672 2997 φόρημα.
709 2916 782 2980 Non
805 2916 920 2979 mirum
942 2915 1022 2980 haec
1043 2938 1109 2980 non
1132 2916 1308 2999 expediisse
1329 2912 1384 2976 edi·

256 3028 358 3106 terea,
387 3047 467 3107 quae
494 3029 576 3089 teste
601 3030 629 3087 B
651 3026 697 3089 sic
720 3026 839 3108 scripta
863 3048 882 3089 a
903 3025 1051 3109 Dionysii
1073 3045 1171 3088 mauu
1193 3024 1383 3108 prodierunt:

257 3136 388 3212 ςτολὴν,
423 3137 622 3218 ᾗκοςμεῑται
654 3136 673 3200 ὁ
702 3136 851 3214 ἕτερος,
886 3135 976 3200 οὐδὲ
1009 3137 1078 3202 τόν
1114 3136 1283 3214 χρόςεον
1313 3134 1385 3210 ἔχει

258 3245 471 3326 ςτέφανον,
495 3244 594 3308 ἀλλὰ
614 3245 919 3325 περιπόρφυρον
944 3248 1089 3324 λευκὴν
1112 3245 1385 3326 περιβέβληται

256 3355 441 3434 τήβενναν,
464 3357 501 3419 τό
524 3355 697 3433 ἐπιχώριον
720 3358 781 3419 κτλ.

789 3549 861 3630 so.

341 3684 385 3748 Et
410 3685 489 3747 haec
516 3683 643 3767 quidem
669 3683 814 3766 exempla
838 3684 951 3747 mutila
981 3684 1150 3746 servarunt·
1176 3680 1286 3765 reliqui
1308 3677 1386 3742 codi-

258 3814 319 3857 ces.
366 3795 485 3858 Contra
508 3793 579 3857 aliis
601 3792 747 3875 plurimis
769 3793 971 3874 lacunarum,
1001 3813 1079 3876 quas
1107 3792 1175 3874 ipse
1198 3793 1383 3874 reppererat,

257 3903 394 3986 vestigia
422 3902 486 3965 suis
510 3903 697 3966 commentis
720 3924 858 3985 nequam
880 3903 1091 3984 interpolator
1113 3903 1169 3964 aut
1191 3901 1299 3964 leviter
1320 3898 1385 3960 oba·

258 4012 381 4077 curavit
408 4015 463 4075 aut
490 4012 670 4075 incredibili
698 4011 879 4074 temeritate
906 4010 1113 4075 oblitteravit.
1149 4009 1286 4085 Quorum
1306 4027 1385 4069 com·

257 4126 435 4186 mentorum
463 4126 631 4206 perpetuos
658 4125 756 4186 testes
784 4127 812 4184 1)
834 4129 866 4185 et
894 4142 973 4204 quae
1002 4143 1039 4184 ex
1068 4141 1105 4183 eo
1127 4120 1221 4184 fluxit
1252 4115 1385 4182 Phabe

259 4253 339 4313 urus,
363 4232 552 4314 aliquotiens
569 4232 669 4295 solam
684 4238 718 4314 P,
743 4253 809 4296 uon
831 4253 903 4294 raro
926 4230 967 4294 ad
988 4230 1100 4294 horum
1122 4229 1271 4294 librorum
1291 4225 1387 4288 socie
1463 4231 1464 4310 f

259 4345 358 4408 tatem
381 4342 551 4406 accedente
574 4342 671 4404 etiam
688 4346 719 4424 0,
743 4342 809 4404 tere
831 4361 987 4426 nusquam
1005 4338 1177 4404 accedente
1192 4346 1228 4421 A,
1250 4335 1300 4420 qui
1323 4355 1386 4397 nou
1463 4351 1464 4402 l
