<?xml version="1.0" encoding="UTF-8"?>
<!DOCTYPE html PUBLIC "-//W3C//DTD XHTML 1.0 Transitional//EN"
    "http://www.w3.org/TR/xhtml1/DTD/xhtml1-transitional.dtd">
<html xmlns="http://www.w3.org/1999/xhtml" xml:lang="en" lang="en">
 <head>
  <title>
</title>
<meta http-equiv="Content-Type" content="text/html;charset=utf-8" />
  <meta name='ocr-system' content='tesseract 3.04.00' />
  <meta name='ocr-capabilities' content='ocr_page ocr_carea ocr_par ocr_line ocrx_word'/>
</head>
<body>
  <div class='ocr_page' id='page_1' title='image "./fridericiritsch04ritsgoog_0654.png"; bbox 0 0 2976 5140; ppageno 0'>
   <div class='ocr_carea' id='block_1_1' title="bbox 443 357 1201 422">
    <p class='ocr_par' dir='ltr' id='par_1_1' title="bbox 443 357 1201 422">
     <span class='ocr_line' id='line_1_1' title="bbox 443 357 1201 422; baseline -0.001 -1"><span class='ocrx_word' id='word_1_1' title='bbox 443 375 489 421; x_wconf 84' lang='lat' dir='ltr'>nn</span> <span class='ocrx_word' id='word_1_2' title='bbox 513 375 582 422; x_wconf 86' lang='lat' dir='ltr'>ono</span> <span class='ocrx_word' id='word_1_3' title='bbox 605 375 649 422; x_wconf 83' lang='lat' dir='ltr'>nn</span> <span class='ocrx_word' id='word_1_4' title='bbox 673 375 814 422; x_wconf 79' lang='lat' dir='ltr'>aniona.</span> <span class='ocrx_word' id='word_1_5' title='bbox 1138 357 1201 420; x_wconf 82' lang='lat'>625</span> 
     </span>
    </p>
   </div>
   <div class='ocr_carea' id='block_1_2' title="bbox 77 524 1206 2816">
    <p class='ocr_par' dir='ltr' id='par_1_2' title="bbox 77 524 1206 2816">
     <span class='ocr_line' id='line_1_2' title="bbox 86 524 1200 611; baseline -0.002 -21"><span class='ocrx_word' id='word_1_6' title='bbox 86 528 155 591; x_wconf 73' lang='grc' dir='ltr'>ἐςτιν</span> <span class='ocrx_word' id='word_1_7' title='bbox 175 528 259 611; x_wconf 87' lang='grc'>-.*)</span> <span class='ocrx_word' id='word_1_8' title='bbox 302 527 475 592; x_wconf 86' lang='lat' dir='ltr'>Obscurior</span> <span class='ocrx_word' id='word_1_9' title='bbox 497 527 584 590; x_wconf 89' lang='lat' dir='ltr'>enim</span> <span class='ocrx_word' id='word_1_10' title='bbox 606 527 764 592; x_wconf 89' lang='lat' dir='ltr'>Diodorus</span> <span class='ocrx_word' id='word_1_11' title='bbox 787 527 935 590; x_wconf 85' lang='lat' dir='ltr'>eonnens.</span> <span class='ocrx_word' id='word_1_12' title='bbox 981 525 1082 611; x_wconf 77' lang='lat' dir='ltr'>Elin</span> <span class='ocrx_word' id='word_1_13' title='bbox 1106 524 1200 589; x_wconf 76' lang='lat' dir='ltr'>onmi-</span> 
     </span>
     <span class='ocr_line' id='line_1_3' title="bbox 86 637 1200 721; baseline 0.001 -21"><span class='ocrx_word' id='word_1_14' title='bbox 86 659 177 700; x_wconf 88' lang='lat' dir='ltr'>eornm</span> <span class='ocrx_word' id='word_1_15' title='bbox 190 637 312 720; x_wconf 90' lang='lat' dir='ltr'>quidem</span> <span class='ocrx_word' id='word_1_16' title='bbox 334 638 472 702; x_wconf 80' lang='lat' dir='ltr'>lectione</span> <span class='ocrx_word' id='word_1_17' title='bbox 488 637 587 702; x_wconf 90' lang='lat' dir='ltr'>Orum</span> <span class='ocrx_word' id='word_1_18' title='bbox 602 637 749 702; x_wconf 89' lang='lat' dir='ltr'>novimus</span> <span class='ocrx_word' id='word_1_19' title='bbox 772 637 928 720; x_wconf 86' lang='lat' dir='ltr'>imprimis</span> <span class='ocrx_word' id='word_1_20' title='bbox 950 640 1122 700; x_wconf 84' lang='lat' dir='ltr'>versatum.</span> <span class='ocrx_word' id='word_1_21' title='bbox 1154 643 1200 721; x_wconf 85' lang='grc' dir='ltr'>τῷ</span> 
     </span>
     <span class='ocr_line' id='line_1_4' title="bbox 86 746 1200 831; baseline -0.001 -22"><span class='ocrx_word' id='word_1_22' title='bbox 86 750 176 810; x_wconf 85' lang='lat' dir='ltr'>antem</span> <span class='ocrx_word' id='word_1_23' title='bbox 196 748 361 830; x_wconf 83' lang='lat' dir='ltr'>articulus,</span> <span class='ocrx_word' id='word_1_24' title='bbox 396 749 472 812; x_wconf 87' lang='lat' dir='ltr'>lieet</span> <span class='ocrx_word' id='word_1_25' title='bbox 499 749 622 812; x_wconf 87' lang='lat' dir='ltr'>alienus</span> <span class='ocrx_word' id='word_1_26' title='bbox 650 748 704 810; x_wconf 93' lang='lat' dir='ltr'>ille</span> <span class='ocrx_word' id='word_1_27' title='bbox 727 747 768 811; x_wconf 90' lang='lat' dir='ltr'>ab</span> <span class='ocrx_word' id='word_1_28' title='bbox 798 746 947 831; x_wconf 89' lang='lat' dir='ltr'>loquendi</span> <span class='ocrx_word' id='word_1_29' title='bbox 971 747 1200 812; x_wconf 85' lang='lat' dir='ltr'>consuetudine</span> 
     </span>
     <span class='ocr_line' id='line_1_5' title="bbox 85 855 1200 943; baseline 0.001 -24"><span class='ocrx_word' id='word_1_30' title='bbox 85 855 301 940; x_wconf 82' lang='lat' dir='ltr'>diligentiorum</span> <span class='ocrx_word' id='word_1_31' title='bbox 323 857 531 942; x_wconf 83' lang='lat' dir='ltr'>scriptorum,</span> <span class='ocrx_word' id='word_1_32' title='bbox 560 857 661 943; x_wconf 91' lang='lat' dir='ltr'>quode</span> <span class='ocrx_word' id='word_1_33' title='bbox 683 859 744 942; x_wconf 91' lang='lat' dir='ltr'>ipsi</span> <span class='ocrx_word' id='word_1_34' title='bbox 772 859 992 942; x_wconf 78' lang='lat' dir='ltr'>praecepimus</span> <span class='ocrx_word' id='word_1_35' title='bbox 1015 857 1142 940; x_wconf 87' lang='lat' dir='ltr'>Proleg.</span> <span class='ocrx_word' id='word_1_36' title='bbox 1166 859 1200 920; x_wconf 92' lang='lat' dir='ltr'>in</span> 
     </span>
     <span class='ocr_line' id='line_1_6' title="bbox 85 965 1200 1052; baseline 0.001 -24"><span class='ocrx_word' id='word_1_37' title='bbox 85 965 219 1030; x_wconf 73' lang='lat' dir='ltr'>l&#39;homam</span> <span class='ocrx_word' id='word_1_38' title='bbox 240 969 283 1032; x_wconf 89' lang='lat' dir='ltr'>hd.</span> <span class='ocrx_word' id='word_1_39' title='bbox 307 991 339 1052; x_wconf 93' lang='lat' dir='ltr'>p.</span> <span class='ocrx_word' id='word_1_40' title='bbox 357 967 392 1048; x_wconf 79' lang='lat' dir='ltr'>C,</span> <span class='ocrx_word' id='word_1_41' title='bbox 415 971 525 1032; x_wconf 86' lang='lat' dir='ltr'>tomen</span> <span class='ocrx_word' id='word_1_42' title='bbox 547 969 690 1032; x_wconf 81' lang='lat' dir='ltr'>incuriae</span> <span class='ocrx_word' id='word_1_43' title='bbox 712 968 762 1031; x_wconf 88' lang='lat' dir='ltr'>vel</span> <span class='ocrx_word' id='word_1_44' title='bbox 786 968 976 1052; x_wconf 80' lang='lat' dir='ltr'>scriptorum</span> <span class='ocrx_word' id='word_1_45' title='bbox 992 968 1042 1032; x_wconf 87' lang='lat' dir='ltr'>vel</span> <span class='ocrx_word' id='word_1_46' title='bbox 1057 967 1200 1030; x_wconf 86' lang='lat' dir='ltr'>librario-</span> 
     </span>
     <span class='ocr_line' id='line_1_7' title="bbox 85 1077 1203 1162; baseline 0 -22"><span class='ocrx_word' id='word_1_47' title='bbox 85 1099 143 1140; x_wconf 87' lang='lat' dir='ltr'>rum</span> <span class='ocrx_word' id='word_1_48' title='bbox 156 1100 214 1142; x_wconf 96' lang='lat' dir='ltr'>non</span> <span class='ocrx_word' id='word_1_49' title='bbox 226 1100 288 1142; x_wconf 89' lang='lat' dir='ltr'>uno</span> <span class='ocrx_word' id='word_1_50' title='bbox 300 1079 334 1142; x_wconf 91' lang='lat' dir='ltr'>in</span> <span class='ocrx_word' id='word_1_51' title='bbox 346 1078 416 1142; x_wconf 88' lang='lat' dir='ltr'>loco</span> <span class='ocrx_word' id='word_1_52' title='bbox 430 1079 573 1142; x_wconf 86' lang='lat' dir='ltr'>debetur.</span> <span class='ocrx_word' id='word_1_53' title='bbox 602 1078 692 1153; x_wconf 78' lang='lat' dir='ltr'>ouon</span> <span class='ocrx_word' id='word_1_54' title='bbox 710 1083 746 1142; x_wconf 90' lang='lat' dir='ltr'>nt</span> <span class='ocrx_word' id='word_1_55' title='bbox 764 1079 809 1142; x_wconf 86' lang='lat' dir='ltr'>ita</span> <span class='ocrx_word' id='word_1_56' title='bbox 822 1101 997 1162; x_wconf 85' lang='lat' dir='ltr'>essequam</span> <span class='ocrx_word' id='word_1_57' title='bbox 1016 1077 1203 1141; x_wconf 86' lang='lat' dir='ltr'>brevissimo</span> 
     </span>
     <span class='ocr_line' id='line_1_8' title="bbox 84 1189 1201 1273; baseline 0.003 -25"><span class='ocrx_word' id='word_1_58' title='bbox 84 1189 215 1271; x_wconf 86' lang='lat' dir='ltr'>temporis</span> <span class='ocrx_word' id='word_1_59' title='bbox 240 1190 345 1273; x_wconf 80' lang='lat' dir='ltr'>spatio</span> <span class='ocrx_word' id='word_1_60' title='bbox 373 1210 563 1273; x_wconf 81' lang='lat' dir='ltr'>cognoscas,</span> <span class='ocrx_word' id='word_1_61' title='bbox 599 1189 707 1253; x_wconf 87' lang='lat' dir='ltr'>evolve</span> <span class='ocrx_word' id='word_1_62' title='bbox 737 1189 829 1253; x_wconf 90' lang='lat' dir='ltr'>modo</span> <span class='ocrx_word' id='word_1_63' title='bbox 863 1189 985 1254; x_wconf 86' lang='lat' dir='ltr'>indices</span> <span class='ocrx_word' id='word_1_64' title='bbox 1011 1189 1201 1272; x_wconf 83' lang='lat' dir='ltr'>scriptorum</span> 
     </span>
     <span class='ocr_line' id='line_1_9' title="bbox 84 1283 1201 1383; baseline 0.004 -27"><span class='ocrx_word' id='word_1_65' title='bbox 84 1297 157 1360; x_wconf 83' lang='lat' dir='ltr'>velut</span> <span class='ocrx_word' id='word_1_66' title='bbox 170 1297 201 1362; x_wconf 92' lang='lat' dir='ltr'>in</span> <span class='ocrx_word' id='word_1_67' title='bbox 214 1299 375 1364; x_wconf 82' lang='lat' dir='ltr'>Pollucem</span> <span class='ocrx_word' id='word_1_68' title='bbox 393 1300 443 1364; x_wconf 88' lang='lat' dir='ltr'>vel</span> <span class='ocrx_word' id='word_1_69' title='bbox 454 1283 753 1382; x_wconf 79' lang='lat' dir='ltr'>Harpocratlnnem,</span> <span class='ocrx_word' id='word_1_70' title='bbox 771 1299 826 1363; x_wconf 90' lang='lat' dir='ltr'>ubi</span> <span class='ocrx_word' id='word_1_71' title='bbox 845 1301 960 1363; x_wconf 80' lang='lat' dir='ltr'>citatos</span> <span class='ocrx_word' id='word_1_72' title='bbox 973 1299 1110 1383; x_wconf 85' lang='lat' dir='ltr'>reperies</span> <span class='ocrx_word' id='word_1_73' title='bbox 1127 1320 1154 1362; x_wconf 92' lang='lat' dir='ltr'>e.</span> <span class='ocrx_word' id='word_1_74' title='bbox 1174 1319 1201 1362; x_wconf 87' lang='lat' dir='ltr'>e.</span> 
     </span>
     <span class='ocr_line' id='line_1_10' title="bbox 84 1407 1203 1494; baseline 0.002 -27"><span class='ocrx_word' id='word_1_75' title='bbox 84 1407 256 1492; x_wconf 78' lang='lat' dir='ltr'>Aeschylum</span> <span class='ocrx_word' id='word_1_76' title='bbox 276 1411 312 1476; x_wconf 87' lang='grc' dir='ltr'>ἐν</span> <span class='ocrx_word' id='word_1_77' title='bbox 333 1414 401 1476; x_wconf 87' lang='grc' dir='ltr'>τοῖς</span> <span class='ocrx_word' id='word_1_78' title='bbox 421 1413 645 1490; x_wconf 82' lang='grc' dir='ltr'>ψυχαγωγοῖς,</span> <span class='ocrx_word' id='word_1_79' title='bbox 665 1408 845 1492; x_wconf 89' lang='lat' dir='ltr'>Amipsiam</span> <span class='ocrx_word' id='word_1_80' title='bbox 865 1411 901 1474; x_wconf 88' lang='grc' dir='ltr'>ἐν</span> <span class='ocrx_word' id='word_1_81' title='bbox 924 1416 961 1494; x_wconf 86' lang='grc' dir='ltr'>τῇ</span> <span class='ocrx_word' id='word_1_82' title='bbox 978 1411 1116 1491; x_wconf 70' lang='lat' dir='ltr'>(appol,</span> <span class='ocrx_word' id='word_1_83' title='bbox 1140 1408 1203 1470; x_wconf 81' lang='lat' dir='ltr'>llu-</span> 
     </span>
     <span class='ocr_line' id='line_1_11' title="bbox 82 1515 1204 1605; baseline 0.003 -27"><span class='ocrx_word' id='word_1_84' title='bbox 82 1515 202 1597; x_wconf 85' lang='lat' dir='ltr'>polidem</span> <span class='ocrx_word' id='word_1_85' title='bbox 223 1521 323 1604; x_wconf 86' lang='grc' dir='ltr'>ἐντῷ</span> <span class='ocrx_word' id='word_1_86' title='bbox 345 1521 482 1603; x_wconf 80' lang='grc' dir='ltr'>Μαρικᾷ,</span> <span class='ocrx_word' id='word_1_87' title='bbox 503 1519 670 1583; x_wconf 77' lang='lat' dir='ltr'>Platonem</span> <span class='ocrx_word' id='word_1_88' title='bbox 693 1521 789 1605; x_wconf 82' lang='grc' dir='ltr'>ἐντῷ</span> <span class='ocrx_word' id='word_1_89' title='bbox 806 1526 936 1604; x_wconf 80' lang='grc' dir='ltr'>ποιητῇ,</span> <span class='ocrx_word' id='word_1_90' title='bbox 953 1519 1204 1602; x_wconf 78' lang='lat' dir='ltr'>Aristophanem</span> 
     </span>
     <span class='ocr_line' id='line_1_12' title="bbox 84 1625 1202 1714; baseline 0.004 -26"><span class='ocrx_word' id='word_1_91' title='bbox 84 1625 112 1689; x_wconf 88' lang='grc' dir='ltr'>ἐν</span> <span class='ocrx_word' id='word_1_92' title='bbox 131 1633 172 1711; x_wconf 83' lang='grc' dir='ltr'>τῷ</span> <span class='ocrx_word' id='word_1_93' title='bbox 192 1631 283 1712; x_wconf 86' lang='grc' dir='ltr'>γήρᾳ,</span> <span class='ocrx_word' id='word_1_94' title='bbox 308 1630 386 1694; x_wconf 87' lang='lat' dir='ltr'>alios</span> <span class='ocrx_word' id='word_1_95' title='bbox 408 1631 595 1713; x_wconf 81' lang='lat' dir='ltr'>permultas,</span> <span class='ocrx_word' id='word_1_96' title='bbox 619 1631 744 1714; x_wconf 88' lang='lat' dir='ltr'>quibus,</span> <span class='ocrx_word' id='word_1_97' title='bbox 768 1652 883 1714; x_wconf 86' lang='lat' dir='ltr'>operae</span> <span class='ocrx_word' id='word_1_98' title='bbox 906 1631 1043 1714; x_wconf 88' lang='lat' dir='ltr'>pretium</span> <span class='ocrx_word' id='word_1_99' title='bbox 1059 1631 1086 1693; x_wconf 87' lang='lat' dir='ltr'>si</span> <span class='ocrx_word' id='word_1_100' title='bbox 1109 1633 1202 1710; x_wconf 85' lang='lat' dir='ltr'>esset,</span> 
     </span>
     <span class='ocr_line' id='line_1_13' title="bbox 82 1736 1206 1825; baseline 0.004 -27"><span class='ocrx_word' id='word_1_101' title='bbox 82 1736 156 1800; x_wconf 90' lang='lat' dir='ltr'>nullo</span> <span class='ocrx_word' id='word_1_102' title='bbox 176 1739 306 1822; x_wconf 85' lang='lat' dir='ltr'>negotio</span> <span class='ocrx_word' id='word_1_103' title='bbox 327 1743 488 1804; x_wconf 83' lang='lat' dir='ltr'>sescentos</span> <span class='ocrx_word' id='word_1_104' title='bbox 512 1741 660 1804; x_wconf 81' lang='lat' dir='ltr'>adderem</span> <span class='ocrx_word' id='word_1_105' title='bbox 682 1763 749 1804; x_wconf 86' lang='lat' dir='ltr'>non</span> <span class='ocrx_word' id='word_1_106' title='bbox 771 1762 809 1804; x_wconf 84' lang='lat' dir='ltr'>ex</span> <span class='ocrx_word' id='word_1_107' title='bbox 831 1739 989 1804; x_wconf 80' lang='lat' dir='ltr'>indicibus</span> <span class='ocrx_word' id='word_1_108' title='bbox 1012 1741 1146 1825; x_wconf 76' lang='lat' dir='ltr'>petitos,</span> <span class='ocrx_word' id='word_1_109' title='bbox 1170 1743 1206 1803; x_wconf 87' lang='lat' dir='ltr'>nt</span> 
     </span>
     <span class='ocr_line' id='line_1_14' title="bbox 81 1843 1204 1934; baseline 0.005 -27"><span class='ocrx_word' id='word_1_110' title='bbox 81 1843 266 1913; x_wconf 78' lang='lat' dir='ltr'>Heraclidem</span> <span class='ocrx_word' id='word_1_111' title='bbox 296 1851 332 1916; x_wconf 91' lang='grc' dir='ltr'>ἐν</span> <span class='ocrx_word' id='word_1_112' title='bbox 360 1857 407 1934; x_wconf 86' lang='grc' dir='ltr'>τῷ</span> <span class='ocrx_word' id='word_1_113' title='bbox 435 1851 589 1917; x_wconf 80' lang='grc' dir='ltr'>ξενίζοντι</span> <span class='ocrx_word' id='word_1_114' title='bbox 614 1850 772 1914; x_wconf 78' lang='lat' dir='ltr'>Athenaei</span> <span class='ocrx_word' id='word_1_115' title='bbox 796 1850 824 1914; x_wconf 87' lang='lat' dir='ltr'>X</span> <span class='ocrx_word' id='word_1_116' title='bbox 848 1873 879 1934; x_wconf 90' lang='lat' dir='ltr'>p.</span> <span class='ocrx_word' id='word_1_117' title='bbox 903 1852 967 1914; x_wconf 88' lang='grc'>414</span> <span class='ocrx_word' id='word_1_118' title='bbox 990 1857 1017 1914; x_wconf 84' lang='lat' dir='ltr'><em>D</em></span> <span class='ocrx_word' id='word_1_119' title='bbox 1038 1851 1088 1914; x_wconf 82' lang='lat' dir='ltr'>vel</span> <span class='ocrx_word' id='word_1_120' title='bbox 1112 1849 1204 1913; x_wconf 86' lang='lat' dir='ltr'>Anti-</span> 
     </span>
     <span class='ocr_line' id='line_1_15' title="bbox 81 1954 1205 2046; baseline 0.004 -28"><span class='ocrx_word' id='word_1_121' title='bbox 81 1954 201 2036; x_wconf 89' lang='lat' dir='ltr'>phanem</span> <span class='ocrx_word' id='word_1_122' title='bbox 223 1961 259 2026; x_wconf 84' lang='grc' dir='ltr'>ἐν</span> <span class='ocrx_word' id='word_1_123' title='bbox 282 1967 330 2046; x_wconf 86' lang='grc' dir='ltr'>τῷ</span> <span class='ocrx_word' id='word_1_124' title='bbox 353 1961 473 2044; x_wconf 79' lang='grc' dir='ltr'>αὐλητῇ</span> <span class='ocrx_word' id='word_1_125' title='bbox 497 1959 573 2022; x_wconf 86' lang='lat' dir='ltr'>XIV</span> <span class='ocrx_word' id='word_1_126' title='bbox 590 1983 621 2043; x_wconf 92' lang='lat' dir='ltr'>p.</span> <span class='ocrx_word' id='word_1_127' title='bbox 638 1961 700 2024; x_wconf 79' lang='lat' dir='ltr'>blss</span> <span class='ocrx_word' id='word_1_128' title='bbox 718 1967 754 2024; x_wconf 90' lang='lat' dir='ltr'>B.</span> <span class='ocrx_word' id='word_1_129' title='bbox 790 1959 859 2024; x_wconf 89' lang='lat' dir='ltr'>Neo</span> <span class='ocrx_word' id='word_1_130' title='bbox 880 1983 954 2024; x_wconf 90' lang='lat' dir='ltr'>vero</span> <span class='ocrx_word' id='word_1_131' title='bbox 970 1962 1038 2025; x_wconf 85' lang='lat' dir='ltr'>sine</span> <span class='ocrx_word' id='word_1_132' title='bbox 1062 1961 1205 2044; x_wconf 83' lang='lat' dir='ltr'>exemplo</span> 
     </span>
     <span class='ocr_line' id='line_1_16' title="bbox 80 2064 1205 2154; baseline 0.006 -29"><span class='ocrx_word' id='word_1_133' title='bbox 80 2064 145 2130; x_wconf 86' lang='lat' dir='ltr'>illud</span> <span class='ocrx_word' id='word_1_134' title='bbox 166 2074 222 2150; x_wconf 86' lang='lat' dir='ltr'>est,</span> <span class='ocrx_word' id='word_1_135' title='bbox 247 2069 332 2154; x_wconf 90' lang='lat' dir='ltr'>qnod</span> <span class='ocrx_word' id='word_1_136' title='bbox 356 2069 566 2154; x_wconf 87' lang='lat' dir='ltr'>praemissum</span> <span class='ocrx_word' id='word_1_137' title='bbox 588 2070 687 2149; x_wconf 89' lang='grc' dir='ltr'>Ὠρος</span> <span class='ocrx_word' id='word_1_138' title='bbox 716 2092 832 2134; x_wconf 91' lang='lat' dir='ltr'>nomen</span> <span class='ocrx_word' id='word_1_139' title='bbox 862 2073 1080 2134; x_wconf 82' lang='lat' dir='ltr'>testimonium</span> <span class='ocrx_word' id='word_1_140' title='bbox 1103 2071 1205 2154; x_wconf 89' lang='lat' dir='ltr'>sequi·</span> 
     </span>
     <span class='ocr_line' id='line_1_17' title="bbox 80 2178 1205 2264; baseline 0.006 -29"><span class='ocrx_word' id='word_1_141' title='bbox 80 2178 136 2256; x_wconf 84' lang='lat' dir='ltr'>lnr,</span> <span class='ocrx_word' id='word_1_142' title='bbox 163 2180 243 2261; x_wconf 92' lang='lat' dir='ltr'>quod</span> <span class='ocrx_word' id='word_1_143' title='bbox 274 2180 316 2244; x_wconf 84' lang='lat' dir='ltr'>ab</span> <span class='ocrx_word' id='word_1_144' title='bbox 344 2179 413 2262; x_wconf 87' lang='lat' dir='ltr'>ipso</span> <span class='ocrx_word' id='word_1_145' title='bbox 437 2181 501 2242; x_wconf 89' lang='lat' dir='ltr'>Oro</span> <span class='ocrx_word' id='word_1_146' title='bbox 530 2180 662 2243; x_wconf 81' lang='lat' dir='ltr'>allatum</span> <span class='ocrx_word' id='word_1_147' title='bbox 692 2203 760 2243; x_wconf 79' lang='lat' dir='ltr'>esse</span> <span class='ocrx_word' id='word_1_148' title='bbox 783 2185 882 2264; x_wconf 73' lang='lat' dir='ltr'>pailet.</span> <span class='ocrx_word' id='word_1_149' title='bbox 929 2182 998 2264; x_wconf 72' lang='lat' dir='ltr'>sie,</span> <span class='ocrx_word' id='word_1_150' title='bbox 1023 2203 1063 2244; x_wconf 90' lang='lat' dir='ltr'>ne</span> <span class='ocrx_word' id='word_1_151' title='bbox 1086 2181 1205 2243; x_wconf 86' lang='lat' dir='ltr'>multus</span> 
     </span>
     <span class='ocr_line' id='line_1_18' title="bbox 79 2283 1205 2374; baseline 0.004 -27"><span class='ocrx_word' id='word_1_152' title='bbox 79 2283 128 2348; x_wconf 89' lang='lat' dir='ltr'>sim</span> <span class='ocrx_word' id='word_1_153' title='bbox 153 2287 185 2352; x_wconf 93' lang='lat' dir='ltr'>in</span> <span class='ocrx_word' id='word_1_154' title='bbox 212 2311 247 2352; x_wconf 93' lang='lat' dir='ltr'>re</span> <span class='ocrx_word' id='word_1_155' title='bbox 279 2293 408 2374; x_wconf 83' lang='lat' dir='ltr'>aperta,</span> <span class='ocrx_word' id='word_1_156' title='bbox 439 2290 545 2373; x_wconf 81' lang='lat' dir='ltr'>Etym.</span> <span class='ocrx_word' id='word_1_157' title='bbox 576 2290 619 2352; x_wconf 88' lang='grc' dir='ltr'>Μ.</span> <span class='ocrx_word' id='word_1_158' title='bbox 649 2313 681 2374; x_wconf 93' lang='lat' dir='ltr'>p.</span> <span class='ocrx_word' id='word_1_159' title='bbox 704 2293 763 2374; x_wconf 78' lang='lat'>47,</span> <span class='ocrx_word' id='word_1_160' title='bbox 792 2293 834 2355; x_wconf 77' lang='lat'>22</span> <span class='ocrx_word' id='word_1_161' title='bbox 862 2292 895 2354; x_wconf 90' lang='lat' dir='ltr'>in</span> <span class='ocrx_word' id='word_1_162' title='bbox 924 2291 1006 2354; x_wconf 87' lang='lat' dir='ltr'>libro</span> <span class='ocrx_word' id='word_1_163' title='bbox 1034 2313 1092 2354; x_wconf 87' lang='lat' dir='ltr'>ms.</span> <span class='ocrx_word' id='word_1_164' title='bbox 1123 2290 1205 2373; x_wconf 88' lang='lat' dir='ltr'>(Lei-</span> 
     </span>
     <span class='ocr_line' id='line_1_19' title="bbox 78 2393 1205 2486; baseline 0.008 -31"><span class='ocrx_word' id='word_1_165' title='bbox 78 2393 155 2460; x_wconf 89' lang='lat' dir='ltr'>densi</span> <span class='ocrx_word' id='word_1_166' title='bbox 181 2403 272 2486; x_wconf 80' lang='lat' dir='ltr'>puto)</span> <span class='ocrx_word' id='word_1_167' title='bbox 308 2401 392 2485; x_wconf 87' lang='lat' dir='ltr'>apud</span> <span class='ocrx_word' id='word_1_168' title='bbox 421 2399 672 2465; x_wconf 86' lang='lat' dir='ltr'>Valckenarinm</span> <span class='ocrx_word' id='word_1_169' title='bbox 704 2402 739 2465; x_wconf 90' lang='lat' dir='ltr'>in</span> <span class='ocrx_word' id='word_1_170' title='bbox 772 2400 927 2465; x_wconf 77' lang='lat' dir='ltr'>Herodoti</span> <span class='ocrx_word' id='word_1_171' title='bbox 956 2399 1001 2464; x_wconf 86' lang='lat' dir='ltr'>lV</span> <span class='ocrx_word' id='word_1_172' title='bbox 1031 2423 1101 2484; x_wconf 89' lang='lat' dir='ltr'>eap.</span> <span class='ocrx_word' id='word_1_173' title='bbox 1129 2401 1205 2464; x_wconf 81' lang='lat' dir='ltr'>lou:</span> 
     </span>
     <span class='ocr_line' id='line_1_20' title="bbox 79 2505 1204 2596; baseline 0.002 -26"><span class='ocrx_word' id='word_1_174' title='bbox 79 2505 149 2586; x_wconf 83' lang='grc' dir='ltr'>Ἀκή,</span> <span class='ocrx_word' id='word_1_175' title='bbox 170 2510 189 2588; x_wconf 94' lang='grc' dir='ltr'>ἡ</span> <span class='ocrx_word' id='word_1_176' title='bbox 212 2511 341 2590; x_wconf 84' lang='grc' dir='ltr'>ὀξύτης·</span> <span class='ocrx_word' id='word_1_177' title='bbox 369 2511 477 2576; x_wconf 83' lang='grc' dir='ltr'>οὕτως</span> <span class='ocrx_word' id='word_1_178' title='bbox 498 2511 613 2592; x_wconf 85' lang='grc' dir='ltr'>Ὦρος·</span> <span class='ocrx_word' id='word_1_179' title='bbox 642 2513 828 2592; x_wconf 80' lang='grc' dir='ltr'>Ἀρχίλοχος</span> <span class='ocrx_word' id='word_1_180' title='bbox 850 2533 877 2574; x_wconf 91' lang='lat' dir='ltr'>e.</span> <span class='ocrx_word' id='word_1_181' title='bbox 901 2535 932 2596; x_wconf 91' lang='lat' dir='ltr'>q.</span> <span class='ocrx_word' id='word_1_182' title='bbox 956 2533 981 2575; x_wconf 90' lang='lat' dir='ltr'>s.</span> <span class='ocrx_word' id='word_1_183' title='bbox 1010 2549 1047 2558; x_wconf 83' lang='lat'>—</span> <span class='ocrx_word' id='word_1_184' title='bbox 1075 2510 1204 2591; x_wconf 73' lang='lat' dir='ltr'>Quodsi,</span> 
     </span>
     <span class='ocr_line' id='line_1_21' title="bbox 78 2620 1203 2705; baseline 0.006 -27"><span class='ocrx_word' id='word_1_185' title='bbox 78 2635 146 2696; x_wconf 70' lang='lat' dir='ltr'>&lt;qnae</span> <span class='ocrx_word' id='word_1_186' title='bbox 176 2620 324 2684; x_wconf 86' lang='lat' dir='ltr'>videatur</span> <span class='ocrx_word' id='word_1_187' title='bbox 355 2621 517 2684; x_wconf 85' lang='lat' dir='ltr'>sententia</span> <span class='ocrx_word' id='word_1_188' title='bbox 549 2643 617 2684; x_wconf 87' lang='lat' dir='ltr'>esse</span> <span class='ocrx_word' id='word_1_189' title='bbox 641 2621 826 2704; x_wconf 87' lang='lat' dir='ltr'>Apollodori</span> <span class='ocrx_word' id='word_1_190' title='bbox 860 2643 1024 2704; x_wconf 73' lang='lat' dir='ltr'>versuum,</span> <span class='ocrx_word' id='word_1_191' title='bbox 1059 2642 1203 2705; x_wconf 71' lang='lat' dir='ltr'>(quaeras,</span> 
     </span>
     <span class='ocr_line' id='line_1_22' title="bbox 77 2726 1205 2816; baseline 0.006 -29"><span class='ocrx_word' id='word_1_192' title='bbox 77 2726 339 2795; x_wconf 83' lang='lat' dir='ltr'>adolescentulum</span> <span class='ocrx_word' id='word_1_193' title='bbox 372 2731 495 2794; x_wconf 68' lang='lat' dir='ltr'>‹zonieio</span> <span class='ocrx_word' id='word_1_194' title='bbox 525 2731 563 2794; x_wconf 91' lang='lat' dir='ltr'>de</span> <span class='ocrx_word' id='word_1_195' title='bbox 596 2731 723 2794; x_wconf 88' lang='lat' dir='ltr'>sordida</span> <span class='ocrx_word' id='word_1_196' title='bbox 751 2732 852 2816; x_wconf 85' lang='lat' dir='ltr'>patris</span> <span class='ocrx_word' id='word_1_197' title='bbox 881 2731 1076 2815; x_wconf 86' lang='lat' dir='ltr'>parsimonia</span> <span class='ocrx_word' id='word_1_198' title='bbox 1104 2731 1205 2814; x_wconf 89' lang='lat' dir='ltr'>queri,</span> 
     </span>
    </p>
   </div>
   <div class='ocr_carea' id='block_1_3' title="bbox 78 2837 1337 2924">
    <p class='ocr_par' dir='ltr' id='par_1_3' title="bbox 78 2837 1337 2924">
     <span class='ocr_line' id='line_1_23' title="bbox 78 2837 1337 2924; baseline 0.006 -28"><span class='ocrx_word' id='word_1_199' title='bbox 78 2837 161 2919; x_wconf 80' lang='lat' dir='ltr'>velut,</span> <span class='ocrx_word' id='word_1_200' title='bbox 185 2845 220 2904; x_wconf 83' lang='lat' dir='ltr'>nt</span> <span class='ocrx_word' id='word_1_201' title='bbox 242 2863 343 2904; x_wconf 89' lang='lat' dir='ltr'>unum</span> <span class='ocrx_word' id='word_1_202' title='bbox 364 2841 545 2924; x_wconf 82' lang='lat' dir='ltr'>exemplum</span> <span class='ocrx_word' id='word_1_203' title='bbox 567 2863 685 2924; x_wconf 87' lang='lat' dir='ltr'>ponam</span> <span class='ocrx_word' id='word_1_204' title='bbox 706 2865 723 2905; x_wconf 93' lang='lat' dir='ltr'>e</span> <span class='ocrx_word' id='word_1_205' title='bbox 744 2843 864 2923; x_wconf 87' lang='lat' dir='ltr'>multis,</span> <span class='ocrx_word' id='word_1_206' title='bbox 888 2842 923 2904; x_wconf 94' lang='lat' dir='ltr'>in</span> <span class='ocrx_word' id='word_1_207' title='bbox 944 2843 1029 2904; x_wconf 84' lang='lat' dir='ltr'>hano</span> <span class='ocrx_word' id='word_1_208' title='bbox 1051 2842 1206 2924; x_wconf 85' lang='lat' dir='ltr'>speeiem:</span> <span class='ocrx_word' id='word_1_209' title='bbox 1330 2861 1337 2874; x_wconf 75' lang='lat'><strong><em>¹</em></strong></span> 
     </span>
    </p>
   </div>
   <div class='ocr_carea' id='block_1_4' title="bbox 74 2946 1206 3690">
    <p class='ocr_par' dir='ltr' id='par_1_4' title="bbox 74 2946 1206 3690">
     <span class='ocr_line' id='line_1_24' title="bbox 76 2946 1206 3035; baseline 0.005 -27"><span class='ocrx_word' id='word_1_210' title='bbox 76 2946 166 3014; x_wconf 78' lang='grc' dir='ltr'>ἐςτιν</span> <span class='ocrx_word' id='word_1_211' title='bbox 186 2955 333 3032; x_wconf 84' lang='grc' dir='ltr'>πατὴρ,</span> <span class='ocrx_word' id='word_1_212' title='bbox 355 2953 520 3030; x_wconf 87' lang='grc' dir='ltr'>κύμινον</span> <span class='ocrx_word' id='word_1_213' title='bbox 543 2951 640 3017; x_wconf 83' lang='grc' dir='ltr'>αὖον</span> <span class='ocrx_word' id='word_1_214' title='bbox 661 2953 820 3030; x_wconf 82' lang='grc' dir='ltr'>ἐςθίων,</span> <span class='ocrx_word' id='word_1_215' title='bbox 847 2955 911 3016; x_wconf 79' lang='grc' dir='ltr'>κτλ.</span> <span class='ocrx_word' id='word_1_216' title='bbox 931 2952 991 3014; x_wconf 89' lang='lat' dir='ltr'>hoo</span> <span class='ocrx_word' id='word_1_217' title='bbox 1013 2955 1075 3014; x_wconf 86' lang='lat' dir='ltr'>est:</span> <span class='ocrx_word' id='word_1_218' title='bbox 1102 2955 1206 3035; x_wconf 83' lang='lat' dir='ltr'>‘pater</span> 
     </span>
     <span class='ocr_line' id='line_1_25' title="bbox 75 3056 1204 3146; baseline 0.004 -26"><span class='ocrx_word' id='word_1_219' title='bbox 75 3056 143 3121; x_wconf 84' lang='lat' dir='ltr'>mihi</span> <span class='ocrx_word' id='word_1_220' title='bbox 164 3065 222 3142; x_wconf 86' lang='lat' dir='ltr'>est,</span> <span class='ocrx_word' id='word_1_221' title='bbox 246 3062 303 3146; x_wconf 89' lang='lat' dir='ltr'>qui</span> <span class='ocrx_word' id='word_1_222' title='bbox 326 3061 410 3126; x_wconf 84' lang='lat' dir='ltr'>siano</span> <span class='ocrx_word' id='word_1_223' title='bbox 434 3062 517 3126; x_wconf 88' lang='lat' dir='ltr'>vesei</span> <span class='ocrx_word' id='word_1_224' title='bbox 541 3062 669 3126; x_wconf 81' lang='lat' dir='ltr'>cumino</span> <span class='ocrx_word' id='word_1_225' title='bbox 684 3063 765 3126; x_wconf 85' lang='lat' dir='ltr'>solet</span> <span class='ocrx_word' id='word_1_226' title='bbox 780 3068 813 3126; x_wconf 87' lang='lat' dir='ltr'>et</span> <span class='ocrx_word' id='word_1_227' title='bbox 827 3066 955 3129; x_wconf 79' lang='lat' dir='ltr'>tuntum</span> <span class='ocrx_word' id='word_1_228' title='bbox 977 3084 1042 3125; x_wconf 92' lang='lat' dir='ltr'>non</span> <span class='ocrx_word' id='word_1_229' title='bbox 1064 3061 1204 3142; x_wconf 90' lang='lat' dir='ltr'>frondes,</span> 
     </span>
     <span class='ocr_line' id='line_1_26' title="bbox 76 3169 1204 3256; baseline 0.009 -30"><span class='ocrx_word' id='word_1_230' title='bbox 76 3169 205 3233; x_wconf 84' lang='lat' dir='ltr'>sarculos</span> <span class='ocrx_word' id='word_1_231' title='bbox 228 3171 361 3235; x_wconf 88' lang='lat' dir='ltr'>condire</span> <span class='ocrx_word' id='word_1_232' title='bbox 389 3172 541 3236; x_wconf 84' lang='lat' dir='ltr'>ficulneas</span> <span class='ocrx_word' id='word_1_233' title='bbox 549 3221 558 3255; x_wconf 74' lang='lat'><em>,</em></span> <span class='ocrx_word' id='word_1_234' title='bbox 587 3195 653 3236; x_wconf 89' lang='lat' dir='ltr'>non</span> <span class='ocrx_word' id='word_1_235' title='bbox 681 3173 766 3256; x_wconf 88' lang='lat' dir='ltr'>ipsas</span> <span class='ocrx_word' id='word_1_236' title='bbox 795 3176 921 3236; x_wconf 84' lang='lat' dir='ltr'>tantum</span> <span class='ocrx_word' id='word_1_237' title='bbox 945 3173 1045 3236; x_wconf 67' lang='lat' dir='ltr'>fieris!</span> <span class='ocrx_word' id='word_1_238' title='bbox 1089 3173 1204 3248; x_wconf 83' lang='lat' dir='ltr'>Quam·</span> 
     </span>
     <span class='ocr_line' id='line_1_27' title="bbox 75 3282 1206 3366; baseline 0.006 -27"><span class='ocrx_word' id='word_1_239' title='bbox 75 3297 157 3358; x_wconf 84' lang='lat' dir='ltr'>quam</span> <span class='ocrx_word' id='word_1_240' title='bbox 185 3282 320 3346; x_wconf 82' lang='lat' dir='ltr'>minime</span> <span class='ocrx_word' id='word_1_241' title='bbox 348 3282 476 3362; x_wconf 80' lang='lat' dir='ltr'>dubito,</span> <span class='ocrx_word' id='word_1_242' title='bbox 511 3283 588 3364; x_wconf 90' lang='lat' dir='ltr'>quin</span> <span class='ocrx_word' id='word_1_243' title='bbox 621 3283 717 3366; x_wconf 78' lang='lat' dir='ltr'>longe</span> <span class='ocrx_word' id='word_1_244' title='bbox 752 3282 887 3347; x_wconf 84' lang='lat' dir='ltr'>facetius</span> <span class='ocrx_word' id='word_1_245' title='bbox 915 3283 1078 3366; x_wconf 90' lang='lat' dir='ltr'>quidpiam</span> <span class='ocrx_word' id='word_1_246' title='bbox 1112 3287 1206 3366; x_wconf 86' lang='lat' dir='ltr'>poeta</span> 
     </span>
     <span class='ocr_line' id='line_1_28' title="bbox 76 3391 1206 3476; baseline 0.004 -26"><span class='ocrx_word' id='word_1_247' title='bbox 76 3391 203 3466; x_wconf 84' lang='lat' dir='ltr'>potuerit</span> <span class='ocrx_word' id='word_1_248' title='bbox 235 3393 276 3455; x_wconf 93' lang='lat' dir='ltr'>de</span> <span class='ocrx_word' id='word_1_249' title='bbox 314 3392 440 3456; x_wconf 86' lang='lat' dir='ltr'>cumino</span> <span class='ocrx_word' id='word_1_250' title='bbox 473 3414 614 3456; x_wconf 86' lang='lat' dir='ltr'>narrare.</span> <span class='ocrx_word' id='word_1_251' title='bbox 665 3393 813 3456; x_wconf 79' lang='lat' dir='ltr'>Ceterum</span> <span class='ocrx_word' id='word_1_252' title='bbox 845 3393 1056 3476; x_wconf 81' lang='lat' dir='ltr'>Therippides</span> <span class='ocrx_word' id='word_1_253' title='bbox 1089 3413 1206 3456; x_wconf 87' lang='lat' dir='ltr'>nomen</span> 
     </span>
     <span class='ocr_line' id='line_1_29' title="bbox 74 3497 1206 3588; baseline 0.004 -29"><span class='ocrx_word' id='word_1_254' title='bbox 74 3497 142 3562; x_wconf 80' lang='lat' dir='ltr'>milii</span> <span class='ocrx_word' id='word_1_255' title='bbox 168 3501 298 3584; x_wconf 89' lang='lat' dir='ltr'>quidem</span> <span class='ocrx_word' id='word_1_256' title='bbox 330 3525 397 3567; x_wconf 91' lang='lat' dir='ltr'>non</span> <span class='ocrx_word' id='word_1_257' title='bbox 425 3502 553 3567; x_wconf 87' lang='lat' dir='ltr'>aliunde</span> <span class='ocrx_word' id='word_1_258' title='bbox 584 3503 749 3588; x_wconf 82' lang='lat' dir='ltr'>cognitum</span> <span class='ocrx_word' id='word_1_259' title='bbox 778 3503 841 3566; x_wconf 89' lang='lat' dir='ltr'>nisi</span> <span class='ocrx_word' id='word_1_260' title='bbox 868 3525 886 3566; x_wconf 89' lang='lat' dir='ltr'>e</span> <span class='ocrx_word' id='word_1_261' title='bbox 915 3503 1140 3566; x_wconf 87' lang='lat' dir='ltr'>Demosthenis</span> <span class='ocrx_word' id='word_1_262' title='bbox 1173 3502 1206 3564; x_wconf 91' lang='lat' dir='ltr'>in</span> 
     </span>
     <span class='ocr_line' id='line_1_30' title="bbox 74 3605 468 3690; baseline 0.02 -22"><span class='ocrx_word' id='word_1_263' title='bbox 74 3605 235 3690; x_wconf 84' lang='lat' dir='ltr'>Aphobum</span> <span class='ocrx_word' id='word_1_264' title='bbox 259 3613 468 3676; x_wconf 87' lang='lat' dir='ltr'>orationihus.</span> 
     </span>
    </p>
   </div>
   <div class='ocr_carea' id='block_1_5' title="bbox 590 3817 684 3898">
    <p class='ocr_par' dir='ltr' id='par_1_5' title="bbox 590 3817 684 3898">
     <span class='ocr_line' id='line_1_31' title="bbox 590 3817 684 3898; baseline -0.021 -14"><span class='ocrx_word' id='word_1_265' title='bbox 590 3825 610 3898; x_wconf 60' lang='grc' dir='ltr'>ς’</span> <span class='ocrx_word' id='word_1_266' title='bbox 633 3817 684 3884; x_wconf 84' lang='grc'>21.</span> 
     </span>
    </p>
   </div>
   <div class='ocr_carea' id='block_1_6' title="bbox 73 3945 1208 4148">
    <p class='ocr_par' dir='ltr' id='par_1_6' title="bbox 73 3945 1208 4148">
     <span class='ocr_line' id='line_1_32' title="bbox 153 3945 1208 4038; baseline 0.001 -23"><span class='ocrx_word' id='word_1_267' title='bbox 153 3945 179 4014; x_wconf 88' lang='lat' dir='ltr'>l.</span> <span class='ocrx_word' id='word_1_268' title='bbox 225 3953 376 4036; x_wconf 79' lang='lat' dir='ltr'>Sequitur</span> <span class='ocrx_word' id='word_1_269' title='bbox 398 3958 449 4035; x_wconf 85' lang='lat' dir='ltr'>nt,</span> <span class='ocrx_word' id='word_1_270' title='bbox 484 3977 561 4037; x_wconf 88' lang='lat' dir='ltr'>qnos</span> <span class='ocrx_word' id='word_1_271' title='bbox 585 3959 675 4018; x_wconf 84' lang='lat' dir='ltr'>extra</span> <span class='ocrx_word' id='word_1_272' title='bbox 703 3949 935 4018; x_wconf 86' lang='lat' dir='ltr'>dubitationem</span> <span class='ocrx_word' id='word_1_273' title='bbox 966 3953 1128 4038; x_wconf 85' lang='lat' dir='ltr'>posuimus</span> <span class='ocrx_word' id='word_1_274' title='bbox 1151 3951 1208 4017; x_wconf 90' lang='lat' dir='ltr'>Ori</span> 
     </span>
     <span class='ocr_line' id='line_1_33' title="bbox 73 4063 1207 4148; baseline 0.008 -31"><span class='ocrx_word' id='word_1_275' title='bbox 73 4063 323 4146; x_wconf 83' lang='lat' dir='ltr'>commentarios,</span> <span class='ocrx_word' id='word_1_276' title='bbox 347 4063 404 4146; x_wconf 83' lang='lat' dir='ltr'>eis,</span> <span class='ocrx_word' id='word_1_277' title='bbox 427 4068 582 4148; x_wconf 85' lang='lat' dir='ltr'>quantum</span> <span class='ocrx_word' id='word_1_278' title='bbox 602 4065 729 4148; x_wconf 89' lang='lat' dir='ltr'>quidem</span> <span class='ocrx_word' id='word_1_279' title='bbox 752 4064 821 4128; x_wconf 90' lang='lat' dir='ltr'>fieri</span> <span class='ocrx_word' id='word_1_280' title='bbox 843 4065 953 4148; x_wconf 81' lang='lat' dir='ltr'>possit,</span> <span class='ocrx_word' id='word_1_281' title='bbox 978 4063 1106 4148; x_wconf 72' lang='lat' dir='ltr'>singula</span> <span class='ocrx_word' id='word_1_282' title='bbox 1121 4063 1207 4148; x_wconf 84' lang='lat' dir='ltr'>frag-</span> 
     </span>
    </p>
   </div>
   <div class='ocr_carea' id='block_1_7' title="bbox 119 4215 268 4227">
    <p class='ocr_par' dir='ltr' id='par_1_7' title="bbox 119 4215 268 4227">
     <span class='ocr_line' id='line_1_34' title="bbox 119 4215 268 4227; baseline 0.02 -3"><span class='ocrx_word' id='word_1_283' title='bbox 119 4215 132 4222; x_wconf 81' lang='lat'>·-</span> <span class='ocrx_word' id='word_1_284' title='bbox 144 4219 268 4227; x_wconf 78' lang='lat'>--.-—.—</span> 
     </span>
    </p>
   </div>
   <div class='ocr_carea' id='block_1_8' title="bbox 132 4313 1208 4388">
    <p class='ocr_par' dir='ltr' id='par_1_8' title="bbox 132 4313 1208 4388">
     <span class='ocr_line' id='line_1_35' title="bbox 132 4313 1208 4388; baseline 0.003 -19"><span class='ocrx_word' id='word_1_285' title='bbox 132 4313 156 4380; x_wconf 70' lang='lat' dir='ltr'>*l</span> <span class='ocrx_word' id='word_1_286' title='bbox 176 4315 250 4384; x_wconf 84' lang='lat' dir='ltr'>[Non</span> <span class='ocrx_word' id='word_1_287' title='bbox 268 4315 448 4386; x_wconf 86' lang='lat' dir='ltr'>improbabat</span> <span class='ocrx_word' id='word_1_288' title='bbox 466 4317 618 4374; x_wconf 82' lang='lat' dir='ltr'>Meinnlrins</span> <span class='ocrx_word' id='word_1_289' title='bbox 637 4319 707 4374; x_wconf 77' lang='lat' dir='ltr'>llist.</span> <span class='ocrx_word' id='word_1_290' title='bbox 728 4320 787 4375; x_wconf 87' lang='lat' dir='ltr'>orit.</span> <span class='ocrx_word' id='word_1_291' title='bbox 808 4337 877 4375; x_wconf 86' lang='lat' dir='ltr'>com.</span> <span class='ocrx_word' id='word_1_292' title='bbox 896 4336 937 4388; x_wconf 81' lang='lat' dir='ltr'>gr.</span> <span class='ocrx_word' id='word_1_293' title='bbox 956 4335 982 4388; x_wconf 89' lang='lat' dir='ltr'>p.</span> <span class='ocrx_word' id='word_1_294' title='bbox 997 4323 1059 4372; x_wconf 78' lang='lat'>468:</span> <span class='ocrx_word' id='word_1_295' title='bbox 1079 4317 1208 4372; x_wconf 85' lang='lat' dir='ltr'>dubitare</span> 
     </span>
    </p>
   </div>
   <div class='ocr_carea' id='block_1_9' title="bbox 71 4405 1169 4564">
    <p class='ocr_par' dir='ltr' id='par_1_9' title="bbox 71 4405 1169 4564">
     <span class='ocr_line' id='line_1_36' title="bbox 71 4405 1169 4484; baseline 0.006 -26"><span class='ocrx_word' id='word_1_296' title='bbox 71 4405 140 4473; x_wconf 87' lang='lat' dir='ltr'>oepit</span> <span class='ocrx_word' id='word_1_297' title='bbox 158 4410 211 4462; x_wconf 88' lang='lat' dir='ltr'>vol.</span> <span class='ocrx_word' id='word_1_298' title='bbox 234 4409 274 4462; x_wconf 88' lang='lat' dir='ltr'>IV</span> <span class='ocrx_word' id='word_1_299' title='bbox 290 4429 308 4480; x_wconf 95' lang='lat' dir='ltr'>p</span> <span class='ocrx_word' id='word_1_300' title='bbox 338 4417 390 4464; x_wconf 76' lang='lat'>457</span> <span class='ocrx_word' id='word_1_301' title='bbox 409 4431 460 4479; x_wconf 79' lang='lat' dir='ltr'>sq,</span> <span class='ocrx_word' id='word_1_302' title='bbox 479 4413 513 4466; x_wconf 86' lang='lat' dir='ltr'>de</span> <span class='ocrx_word' id='word_1_303' title='bbox 532 4413 651 4482; x_wconf 83' lang='lat' dir='ltr'>prosaici</span> <span class='ocrx_word' id='word_1_304' title='bbox 672 4415 819 4484; x_wconf 84' lang='lat' dir='ltr'>scriptoris</span> <span class='ocrx_word' id='word_1_305' title='bbox 840 4413 1001 4482; x_wconf 78' lang='lat' dir='ltr'>fragmento</span> <span class='ocrx_word' id='word_1_306' title='bbox 1021 4413 1169 4482; x_wconf 78' lang='lat' dir='ltr'>cogitans]</span> 
     </span>
     <span class='ocr_line' id='line_1_37' title="bbox 119 4501 1008 4564; baseline 0.016 -22"><span class='ocrx_word' id='word_1_307' title='bbox 119 4509 160 4545; x_wconf 79' lang='lat' dir='ltr'>ra.</span> <span class='ocrx_word' id='word_1_308' title='bbox 181 4513 349 4549; x_wconf 82' lang='lat' dir='ltr'>arraonanrr</span> <span class='ocrx_word' id='word_1_309' title='bbox 369 4515 514 4550; x_wconf 79' lang='lat' dir='ltr'>onnsenna</span> <span class='ocrx_word' id='word_1_310' title='bbox 535 4517 554 4556; x_wconf 83' lang='lat' dir='ltr'>r.</span> <span class='ocrx_word' id='word_1_311' title='bbox 965 4501 1008 4564; x_wconf 82' lang='grc'>40</span> 
     </span>
    </p>
   </div>
   <div class='ocr_carea' id='block_1_10' title="bbox 0 0 1492 5140">
    <p class='ocr_par' dir='ltr' id='par_1_10' title="bbox 0 0 1492 5140">
     <span class='ocr_line' id='line_1_38' title="bbox 0 0 1492 5140; baseline 0 4"><span class='ocrx_word' id='word_1_312' title='bbox 0 0 1492 5140; x_wconf 95' lang='lat' dir='ltr'> </span> 
     </span>
    </p>
   </div>
  </div>
 </body>
</html>
