2942 5134
294 351 486 400 inscensu
510 353 592 398 snv.
616 353 752 402 russis
775 338 964 402 254-261.
1145 339 1208 402 373

151 501 306 586 Superest
327 508 362 568 ut
384 503 590 588 gravissimas
612 505 722 569 turbas
745 507 772 568 si
795 506 951 589 possimus
970 527 1206 590 componamus,

64 611 182 693 quibus
209 617 365 678 extremos
390 636 496 678 versus
524 618 557 678 et
585 615 772 680 intumuisse
795 620 828 678 et
854 615 979 680 dehisse
1003 619 1124 680 certum
1147 622 1205 680 est.

64 719 125 794 Qui
150 743 223 784 cum
246 723 343 808 vulgo
364 725 445 788 tales
468 725 666 809 legerentur:

271 876 376 954 θήεειν
397 877 551 957 τρόπαια,
574 878 737 957 πολεμίων
760 881 793 942 δ’
816 878 983 956 deotpurc,

270 987 401 1068 λάφυρα
423 989 525 1052 δαίων
547 989 759 1067 δουρίπληχθ’
782 987 893 1064 ἁγνοί(
915 987 1035 1066 δόμοιο,

65 1167 102 1208 ex
131 1145 335 1228 paucissimis
364 1148 540 1230 codicibus,
568 1148 624 1212 sed
651 1148 736 1212 inter
758 1169 811 1212 eos
833 1146 994 1231 Mediceo,
1028 1149 1061 1212 hi
1083 1149 1206 1232 prodie-

63 1261 157 1336 runt,
183 1277 262 1340 quos
284 1279 322 1322 ex
344 1257 413 1341 ipso
435 1258 578 1322 Mediceo
599 1257 810 1340 transcriptos
833 1258 874 1322 ab
889 1258 1008 1324 Ottone
1029 1257 1206 1322 Ribbeckio

65 1369 179 1430 nostro
200 1366 287 1431 infra
308 1368 484 1451 posuimus:

921 1467 958 1504 Τα

271 1521 374 1598 θήεειν
396 1519 540 1598 τρόπαια,
562 1521 727 1597 πολεμίων
750 1523 781 1583 δ’
804 1521 961 1597 ἐπθήμαει·

250 1685 400 1778 ’λάφυρα
421 1699 531 1764 δαίων.
553 1697 764 1777 δουρίπληχθ’
786 1698 898 1774 ἁγνοί(
918 1697 1028 1775 δόμοι(

269 1877 377 1957 (πέψω
399 1877 463 1955 πρὸ
484 1879 574 1942 ναῶν
595 1875 760 1954 πολεμίων
781 1823 815 1938 δ’
839 1876 1003 1953 ἐεθήμοτα.

64 2035 117 2099 nbi
153 2040 188 2100 et
220 2057 259 2100 το
290 2057 382 2100 versu
414 2036 516 2119 primo
522 2085 532 2118 ,
567 2039 599 2100 et
630 2035 727 2098 tertio
758 2057 776 2100 τ
808 2035 947 2098 secunda
979 2057 1077 2100 manu
1110 2057 1206 2119 supra
1225 2051 1254 2100 rx

65 2145 221 2230 scriptum
237 2149 285 2210 est
300 2146 342 2210 ab
357 2145 528 2230 eademque
543 2147 578 2210 θ’
594 2145 753 2210 adiectum
772 2145 808 2209 in
822 2145 1051 2224 δουρίπληχθέ
1071 2144 1205 2208 disiecta

65 2259 173 2318 autem
200 2255 343 2320 membra
369 2257 435 2321 sive
463 2259 577 2338 poetae
605 2255 671 2318 sive
699 2255 884 2338 interpretis
912 2254 961 2317 vel
989 2254 1205 2337 interpunctio

64 2365 173 2448 prodit
193 2365 283 2430 facta
305 2367 378 2449 post
404 2367 554 2448 sportam,
583 2367 656 2448 post
681 2366 841 2446 εἐθήμαει,
871 2367 943 2446 post
964 2365 1075 2428 δαίων.
1119 2361 1205 2428 Hinc

65 2475 165 2558 igitur
186 2475 269 2558 quod
292 2474 497 2540 Hermannus
520 2474 625 2538 effecit
647 2475 688 2539 ab
715 2474 809 2538 initio
832 2473 965 2537 anobis
992 2471 1206 2556 perscriptum

66 2585 117 2667 qui
145 2585 273 2668 placere
301 2585 363 2668 ipsi
390 2584 527 2668 potuerit
555 2605 652 2668 aegre
678 2603 861 2667 assequare:
890 2587 957 2646 tam
984 2581 1109 2645 insuavi
1133 2603 1205 2646 oon-

65 2695 209 2759 struendi
243 2695 358 2758 duritie
388 2717 426 2758 ex
453 2694 582 2777 oblique
609 2693 754 2757 oratioue
787 2693 822 2756 iu
850 2695 971 2756 rectam
1003 2692 1159 2756 transitur
1187 2713 1205 2754 a

66 2807 170 2883 θήεειν
183 2804 345 2868 infinitivo
360 2803 400 2868 ad
416 2805 540 2886 (πέψω,
563 2825 622 2887 pro
643 2825 705 2888 quo
726 2806 836 2866 tamen
858 2802 892 2866 in
914 2804 1063 2884 promptu
1079 2802 1206 2880 ετέψειν

67 2918 150 2978 erat:
173 2915 312 3000 reliquas
330 2915 521 2978 offensiones
543 2935 585 2977 ne
606 2913 756 2977 iteremus
779 2915 875 2976 autea
897 2912 976 2976 satis
998 2911 1203 2993 disceptatae.

68 3024 137 3090 Nisi
158 3025 242 3110 quod
264 3025 430 3107 praeclaro
451 3045 529 3090 sane
551 3023 697 3088 acumine
719 3023 910 3102 δουρίπηχθ’
936 3041 953 3085 e
974 3020 1068 3084 nihili
1090 3041 1206 3085 memo-

68 3137 113 3198 ria
136 3135 291 3198 librorum
309 3133 392 3198 eruit
414 3155 471 3217 pro
487 3155 524 3198 eo
539 3133 622 3218 quod
638 3132 797 3196 Porsonus
811 3132 847 3195 in
862 3130 1024 3215 Euripidis
1039 3125 1205 3195 Hecubam

68 3267 96 3308 v.
112 3245 175 3310 482
198 3247 408 3328 proposuerat
429 3246 636 3323 δουρίληφθ’.
675 3241 784 3306 Vnum
807 3243 913 3305 eutem
936 3241 983 3305 illi
1004 3241 1118 3304 vitium
1139 3262 1205 3309 nou

68 3358 193 3418 tantum
216 3375 288 3418 cum
311 3353 469 3418 Guilelmo
490 3351 657 3416 Dindorfio
680 3373 846 3416 commune
869 3355 932 3432 est,
962 3350 1049 3414 cuius
1072 3350 1205 3432 scriptu-

69 3486 136 3528 ram
158 3485 254 3547 supra
276 3463 520 3547 perstrinximus
543 3485 574 3545 p.
592 3461 639 3526 VI
664 3459 762 3548 [369],
786 3460 841 3524 sed
864 3460 961 3524 etiam
978 3481 1049 3524 cum
1063 3458 1205 3523 Roberto

69 3574 199 3658 Engero
225 3577 334 3638 nostro
341 3621 349 3656 ,
378 3571 433 3656 qui
462 3593 545 3636 nova
567 3571 618 3636 via
647 3571 809 3655 ingressus
831 3569 916 3634 hano
938 3591 1040 3654 nuper
1067 3569 1205 3653 speciem

69 3682 310 3765 Aeschyliorum
331 3683 498 3747 verborum
523 3681 546 3744 l.
569 3703 594 3746 s.
619 3703 644 3744 s.
668 3702 700 3764 p.
723 3680 765 3744 48
788 3679 1036 3744 commendavit:

716 3840 890 3920 ἐπεύχομαι

269 3955 373 4032 θήεειν
396 3952 525 4033 πρόνοα
546 3951 709 4030 πολεμίων
732 3951 889 4029 ἐεθήμοτα

268 4064 399 4143 λάφυρα
421 4064 509 4146 δᾴων
532 4061 725 4141 δουρίπηχθ’
748 4061 858 4138 ἁγνοί(
880 4059 998 4138 δόμοιο.

72 4222 110 4288 In
125 4245 187 4304 qua
202 4224 336 4307 primum
351 4220 545 4288 laudandum
561 4225 625 4303 est,
649 4221 732 4304 quod
747 4194 812 4284 non
835 4241 926 4304 posse
949 4216 1026 4281 ferri
1040 4215 1206 4296 τροπαίων

74 4333 233 4398 notionem
254 4333 429 4400 intellexit:
452 4333 587 4396 alterum
609 4331 684 4412 hoc,
711 4331 793 4418 quod
816 4350 913 4396 uuam
929 4325 1115 4392 continuam
1138 4345 1206 4390 esse
