<?xml version="1.0" encoding="UTF-8"?>
<!DOCTYPE html PUBLIC "-//W3C//DTD XHTML 1.0 Transitional//EN"
    "http://www.w3.org/TR/xhtml1/DTD/xhtml1-transitional.dtd">
<html xmlns="http://www.w3.org/1999/xhtml" xml:lang="en" lang="en">
 <head>
  <title>
</title>
<meta http-equiv="Content-Type" content="text/html;charset=utf-8" />
  <meta name='ocr-system' content='tesseract 3.04.00' />
  <meta name='ocr-capabilities' content='ocr_page ocr_carea ocr_par ocr_line ocrx_word'/>
</head>
<body>
  <div class='ocr_page' id='page_1' title='image "./fridericiritsch04ritsgoog_0412.png"; bbox 0 0 2942 5134; ppageno 0'>
   <div class='ocr_carea' id='block_1_1' title="bbox 365 372 1188 453">
    <p class='ocr_par' dir='ltr' id='par_1_1' title="bbox 365 372 1188 453">
     <span class='ocr_line' id='line_1_1' title="bbox 365 372 1188 453; baseline -0.001 -1"><span class='ocrx_word' id='word_1_1' title='bbox 365 393 402 452; x_wconf 74' lang='lat' dir='ltr'>nr</span> <span class='ocrx_word' id='word_1_2' title='bbox 424 391 597 453; x_wconf 77' lang='lat' dir='ltr'>aescnrm</span> <span class='ocrx_word' id='word_1_3' title='bbox 618 391 870 451; x_wconf 78' lang='lat' dir='ltr'>raoaarnavu.</span> <span class='ocrx_word' id='word_1_4' title='bbox 1127 372 1188 451; x_wconf 81' lang='grc'>387</span> 
     </span>
    </p>
   </div>
   <div class='ocr_carea' id='block_1_2' title="bbox 64 549 1287 3168">
    <p class='ocr_par' dir='ltr' id='par_1_2' title="bbox 67 549 1287 1849">
     <span class='ocr_line' id='line_1_2' title="bbox 72 549 1187 640; baseline -0.001 -21"><span class='ocrx_word' id='word_1_5' title='bbox 72 552 142 620; x_wconf 83' lang='lat' dir='ltr'>festo</span> <span class='ocrx_word' id='word_1_6' title='bbox 170 549 210 620; x_wconf 88' lang='lat' dir='ltr'>sit</span> <span class='ocrx_word' id='word_1_7' title='bbox 240 551 490 640; x_wconf 86' lang='lat' dir='ltr'>antistropbica‚</span> <span class='ocrx_word' id='word_1_8' title='bbox 525 551 609 620; x_wconf 89' lang='lat' dir='ltr'>idem</span> <span class='ocrx_word' id='word_1_9' title='bbox 638 552 751 622; x_wconf 89' lang='lat' dir='ltr'>cadere</span> <span class='ocrx_word' id='word_1_10' title='bbox 778 553 812 620; x_wconf 91' lang='lat' dir='ltr'>in</span> <span class='ocrx_word' id='word_1_11' title='bbox 839 552 955 620; x_wconf 39' lang='lat' dir='ltr'>v.1903</span> <span class='ocrx_word' id='word_1_12' title='bbox 984 571 1052 640; x_wconf 89' lang='lat' dir='ltr'>sqq.</span> <span class='ocrx_word' id='word_1_13' title='bbox 1083 550 1187 618; x_wconf 89' lang='lat' dir='ltr'>debet.</span> 
     </span>
     <span class='ocr_line' id='line_1_3' title="bbox 72 665 1190 749; baseline -0.001 -21"><span class='ocrx_word' id='word_1_14' title='bbox 72 665 223 731; x_wconf 84' lang='lat' dir='ltr'>Praeterea</span> <span class='ocrx_word' id='word_1_15' title='bbox 248 665 429 749; x_wconf 86' lang='lat' dir='ltr'>reputanda</span> <span class='ocrx_word' id='word_1_16' title='bbox 455 667 534 730; x_wconf 90' lang='lat' dir='ltr'>haee</span> <span class='ocrx_word' id='word_1_17' title='bbox 562 669 647 731; x_wconf 81' lang='lat' dir='ltr'>sunl.</span> <span class='ocrx_word' id='word_1_18' title='bbox 691 666 766 731; x_wconf 90' lang='lat' dir='ltr'>Non</span> <span class='ocrx_word' id='word_1_19' title='bbox 794 666 828 730; x_wconf 90' lang='lat' dir='ltr'>in</span> <span class='ocrx_word' id='word_1_20' title='bbox 860 665 1000 730; x_wconf 88' lang='lat' dir='ltr'>numeris</span> <span class='ocrx_word' id='word_1_21' title='bbox 1027 665 1129 728; x_wconf 87' lang='lat' dir='ltr'>solum</span> <span class='ocrx_word' id='word_1_22' title='bbox 1157 668 1190 728; x_wconf 84' lang='lat' dir='ltr'>et</span> 
     </span>
     <span class='ocr_line' id='line_1_4' title="bbox 70 774 1287 860; baseline -0.004 -21"><span class='ocrx_word' id='word_1_23' title='bbox 70 775 188 860; x_wconf 86' lang='lat' dir='ltr'>singulis</span> <span class='ocrx_word' id='word_1_24' title='bbox 203 775 390 860; x_wconf 87' lang='lat' dir='ltr'>quibusdam</span> <span class='ocrx_word' id='word_1_25' title='bbox 405 776 538 860; x_wconf 87' lang='lat' dir='ltr'>pedibus</span> <span class='ocrx_word' id='word_1_26' title='bbox 555 777 693 860; x_wconf 81' lang='lat' dir='ltr'>vestigia</span> <span class='ocrx_word' id='word_1_27' title='bbox 708 775 959 859; x_wconf 87' lang='lat' dir='ltr'>antistrophicae</span> <span class='ocrx_word' id='word_1_28' title='bbox 974 774 1189 858; x_wconf 77' lang='lat' dir='ltr'>responsionis</span> <span class='ocrx_word' id='word_1_29' title='bbox 1198 784 1287 834; x_wconf 81' lang='lat' dir='ltr'>xxvm</span> 
     </span>
     <span class='ocr_line' id='line_1_5' title="bbox 71 884 1190 969; baseline 0 -22"><span class='ocrx_word' id='word_1_30' title='bbox 71 884 348 969; x_wconf 87' lang='lat' dir='ltr'>deprehenduntur,</span> <span class='ocrx_word' id='word_1_31' title='bbox 382 886 437 950; x_wconf 86' lang='lat' dir='ltr'>sed</span> <span class='ocrx_word' id='word_1_32' title='bbox 466 886 563 950; x_wconf 87' lang='lat' dir='ltr'>etiam</span> <span class='ocrx_word' id='word_1_33' title='bbox 584 887 621 950; x_wconf 90' lang='lat' dir='ltr'>in</span> <span class='ocrx_word' id='word_1_34' title='bbox 648 907 798 952; x_wconf 88' lang='lat' dir='ltr'>sonorum</span> <span class='ocrx_word' id='word_1_35' title='bbox 826 884 1035 950; x_wconf 79' lang='lat' dir='ltr'>similitudine</span> <span class='ocrx_word' id='word_1_36' title='bbox 1065 887 1098 948; x_wconf 85' lang='lat' dir='ltr'>et</span> <span class='ocrx_word' id='word_1_37' title='bbox 1118 884 1190 948; x_wconf 88' lang='lat' dir='ltr'>lusu</span> 
     </span>
     <span class='ocr_line' id='line_1_6' title="bbox 71 994 1189 1079; baseline 0.002 -23"><span class='ocrx_word' id='word_1_38' title='bbox 71 995 256 1079; x_wconf 83' lang='lat' dir='ltr'><strong>syllabarum,</strong></span> <span class='ocrx_word' id='word_1_39' title='bbox 279 1019 309 1059; x_wconf 86' lang='lat' dir='ltr'>v.</span> <span class='ocrx_word' id='word_1_40' title='bbox 326 995 399 1061; x_wconf 89' lang='lat'><strong>903.</strong></span> <span class='ocrx_word' id='word_1_41' title='bbox 416 995 489 1061; x_wconf 84' lang='lat'>906.</span> <span class='ocrx_word' id='word_1_42' title='bbox 520 995 644 1060; x_wconf 85' lang='lat' dir='ltr'>Deinde</span> <span class='ocrx_word' id='word_1_43' title='bbox 666 996 737 1078; x_wconf 87' lang='lat' dir='ltr'>ipsa</span> <span class='ocrx_word' id='word_1_44' title='bbox 759 1016 907 1060; x_wconf 81' lang='lat' dir='ltr'>versuum</span> <span class='ocrx_word' id='word_1_45' title='bbox 929 994 1027 1058; x_wconf 87' lang='lat' dir='ltr'>trium</span> <span class='ocrx_word' id='word_1_46' title='bbox 1048 994 1189 1077; x_wconf 87' lang='lat' dir='ltr'>priorum</span> 
     </span>
     <span class='ocr_line' id='line_1_7' title="bbox 70 1104 1190 1190; baseline 0 -24"><span class='ocrx_word' id='word_1_47' title='bbox 70 1107 211 1170; x_wconf 85' lang='lat' dir='ltr'>sententia</span> <span class='ocrx_word' id='word_1_48' title='bbox 232 1105 396 1170; x_wconf 83' lang='lat' dir='ltr'>obscurior</span> <span class='ocrx_word' id='word_1_49' title='bbox 418 1109 481 1190; x_wconf 84' lang='lat' dir='ltr'>est,</span> <span class='ocrx_word' id='word_1_50' title='bbox 505 1127 601 1190; x_wconf 90' lang='lat' dir='ltr'>quam</span> <span class='ocrx_word' id='word_1_51' title='bbox 623 1108 659 1169; x_wconf 87' lang='lat' dir='ltr'>ut</span> <span class='ocrx_word' id='word_1_52' title='bbox 680 1105 867 1170; x_wconf 89' lang='lat' dir='ltr'>mendorum</span> <span class='ocrx_word' id='word_1_53' title='bbox 889 1104 1097 1188; x_wconf 88' lang='lat' dir='ltr'>suspitionem</span> <span class='ocrx_word' id='word_1_54' title='bbox 1118 1125 1190 1187; x_wconf 89' lang='lat' dir='ltr'>pro-</span> 
     </span>
     <span class='ocr_line' id='line_1_8' title="bbox 70 1214 1190 1300; baseline 0.001 -24"><span class='ocrx_word' id='word_1_55' title='bbox 70 1215 111 1276; x_wconf 84' lang='lat' dir='ltr'>cul</span> <span class='ocrx_word' id='word_1_56' title='bbox 135 1215 247 1280; x_wconf 87' lang='lat' dir='ltr'>habere</span> <span class='ocrx_word' id='word_1_57' title='bbox 274 1216 387 1300; x_wconf 86' lang='lat' dir='ltr'>possis.</span> <span class='ocrx_word' id='word_1_58' title='bbox 432 1215 478 1280; x_wconf 88' lang='lat' dir='ltr'>Vt</span> <span class='ocrx_word' id='word_1_59' title='bbox 505 1219 612 1279; x_wconf 87' lang='lat' dir='ltr'>autem</span> <span class='ocrx_word' id='word_1_60' title='bbox 640 1215 675 1280; x_wconf 90' lang='lat' dir='ltr'>in</span> <span class='ocrx_word' id='word_1_61' title='bbox 703 1215 871 1280; x_wconf 78' lang='lat' dir='ltr'>sententiis</span> <span class='ocrx_word' id='word_1_62' title='bbox 899 1237 965 1278; x_wconf 90' lang='lat' dir='ltr'>non</span> <span class='ocrx_word' id='word_1_63' title='bbox 994 1214 1190 1278; x_wconf 73' lang='lat' dir='ltr'>desideretur</span> 
     </span>
     <span class='ocr_line' id='line_1_9' title="bbox 70 1323 1189 1410; baseline 0 -23"><span class='ocrx_word' id='word_1_64' title='bbox 70 1323 234 1410; x_wconf 80' lang='lat' dir='ltr'>quicquam,</span> <span class='ocrx_word' id='word_1_65' title='bbox 266 1329 375 1389; x_wconf 88' lang='lat' dir='ltr'>tamen</span> <span class='ocrx_word' id='word_1_66' title='bbox 398 1325 525 1410; x_wconf 85' lang='lat' dir='ltr'>indigni</span> <span class='ocrx_word' id='word_1_67' title='bbox 547 1325 708 1409; x_wconf 83' lang='lat' dir='ltr'>Aeschylo</span> <span class='ocrx_word' id='word_1_68' title='bbox 736 1327 812 1388; x_wconf 89' lang='lat' dir='ltr'>sunt</span> <span class='ocrx_word' id='word_1_69' title='bbox 832 1325 1019 1389; x_wconf 81' lang='lat' dir='ltr'>inconcinni</span> <span class='ocrx_word' id='word_1_70' title='bbox 1041 1345 1189 1388; x_wconf 84' lang='lat' dir='ltr'>versuum</span> 
     </span>
     <span class='ocr_line' id='line_1_10' title="bbox 69 1433 1188 1520; baseline 0.003 -26"><span class='ocrx_word' id='word_1_71' title='bbox 69 1436 190 1518; x_wconf 85' lang='lat' dir='ltr'>numeri,</span> <span class='ocrx_word' id='word_1_72' title='bbox 217 1436 327 1520; x_wconf 88' lang='lat' dir='ltr'>quales</span> <span class='ocrx_word' id='word_1_73' title='bbox 355 1457 385 1500; x_wconf 82' lang='lat' dir='ltr'>v.</span> <span class='ocrx_word' id='word_1_74' title='bbox 409 1435 471 1500; x_wconf 84' lang='lat'>903</span> <span class='ocrx_word' id='word_1_75' title='bbox 494 1457 540 1519; x_wconf 87' lang='lat' dir='ltr'>sq.</span> <span class='ocrx_word' id='word_1_76' title='bbox 569 1434 739 1519; x_wconf 85' lang='lat' dir='ltr'>habemus,</span> <span class='ocrx_word' id='word_1_77' title='bbox 768 1437 801 1498; x_wconf 90' lang='lat' dir='ltr'>et</span> <span class='ocrx_word' id='word_1_78' title='bbox 827 1455 955 1518; x_wconf 86' lang='lat' dir='ltr'>prorsus</span> <span class='ocrx_word' id='word_1_79' title='bbox 977 1433 1188 1498; x_wconf 89' lang='lat' dir='ltr'>intolerabilis</span> 
     </span>
     <span class='ocr_line' id='line_1_11' title="bbox 68 1540 1190 1629; baseline 0.003 -26"><span class='ocrx_word' id='word_1_80' title='bbox 68 1540 146 1626; x_wconf 85' lang='lat' dir='ltr'>ictus,</span> <span class='ocrx_word' id='word_1_81' title='bbox 168 1544 218 1628; x_wconf 90' lang='lat' dir='ltr'>qui</span> <span class='ocrx_word' id='word_1_82' title='bbox 242 1545 348 1609; x_wconf 85' lang='lat' dir='ltr'>estin</span> <span class='ocrx_word' id='word_1_83' title='bbox 370 1545 483 1608; x_wconf 89' lang='lat' dir='ltr'>ultima</span> <span class='ocrx_word' id='word_1_84' title='bbox 505 1545 629 1629; x_wconf 77' lang='lat' dir='ltr'>syllaba</span> <span class='ocrx_word' id='word_1_85' title='bbox 652 1545 700 1610; x_wconf 88' lang='grc' dir='ltr'>ὅτι</span> <span class='ocrx_word' id='word_1_86' title='bbox 716 1545 812 1608; x_wconf 86' lang='lat' dir='ltr'>vocis.</span> <span class='ocrx_word' id='word_1_87' title='bbox 857 1543 1003 1628; x_wconf 89' lang='lat' dir='ltr'>Denique</span> <span class='ocrx_word' id='word_1_88' title='bbox 1025 1565 1090 1608; x_wconf 89' lang='lat' dir='ltr'>non</span> <span class='ocrx_word' id='word_1_89' title='bbox 1113 1547 1190 1607; x_wconf 90' lang='lat' dir='ltr'>sunt</span> 
     </span>
     <span class='ocr_line' id='line_1_12' title="bbox 68 1653 1189 1738; baseline 0.004 -25"><span class='ocrx_word' id='word_1_90' title='bbox 68 1654 353 1732; x_wconf 78' lang='lat' dir='ltr'>praetermittendae</span> <span class='ocrx_word' id='word_1_91' title='bbox 380 1655 534 1719; x_wconf 87' lang='lat' dir='ltr'>librorum</span> <span class='ocrx_word' id='word_1_92' title='bbox 561 1655 795 1738; x_wconf 87' lang='lat' dir='ltr'>discrepantiae</span> <span class='ocrx_word' id='word_1_93' title='bbox 818 1675 847 1718; x_wconf 83' lang='lat' dir='ltr'>v.</span> <span class='ocrx_word' id='word_1_94' title='bbox 872 1655 931 1719; x_wconf 83' lang='lat'>901</span> <span class='ocrx_word' id='word_1_95' title='bbox 957 1653 1050 1717; x_wconf 83' lang='lat' dir='ltr'>initio</span> <span class='ocrx_word' id='word_1_96' title='bbox 1073 1656 1105 1717; x_wconf 89' lang='lat' dir='ltr'>et</span> <span class='ocrx_word' id='word_1_97' title='bbox 1126 1653 1189 1718; x_wconf 82' lang='lat'>905</span> 
     </span>
     <span class='ocr_line' id='line_1_13' title="bbox 67 1761 485 1849; baseline 0.012 -25"><span class='ocrx_word' id='word_1_98' title='bbox 67 1761 120 1825; x_wconf 89' lang='lat' dir='ltr'>line</span> <span class='ocrx_word' id='word_1_99' title='bbox 138 1763 218 1829; x_wconf 89' lang='lat' dir='ltr'>baud</span> <span class='ocrx_word' id='word_1_100' title='bbox 240 1787 318 1830; x_wconf 87' lang='lat' dir='ltr'>sane</span> <span class='ocrx_word' id='word_1_101' title='bbox 341 1763 485 1849; x_wconf 81' lang='lat' dir='ltr'>exiguae.</span> 
     </span>
    </p>

    <p class='ocr_par' dir='ltr' id='par_1_3' title="bbox 64 1873 1189 3168">
     <span class='ocr_line' id='line_1_14' title="bbox 137 1873 1189 1960; baseline -0.002 -22"><span class='ocrx_word' id='word_1_102' title='bbox 137 1874 238 1958; x_wconf 81' lang='lat' dir='ltr'>Atque</span> <span class='ocrx_word' id='word_1_103' title='bbox 262 1897 370 1940; x_wconf 87' lang='lat' dir='ltr'>eorum</span> <span class='ocrx_word' id='word_1_104' title='bbox 392 1875 530 1960; x_wconf 87' lang='lat' dir='ltr'>quidem,</span> <span class='ocrx_word' id='word_1_105' title='bbox 553 1874 666 1960; x_wconf 87' lang='lat' dir='ltr'>quibas</span> <span class='ocrx_word' id='word_1_106' title='bbox 688 1873 821 1958; x_wconf 87' lang='lat' dir='ltr'>stropha</span> <span class='ocrx_word' id='word_1_107' title='bbox 836 1873 1039 1939; x_wconf 87' lang='lat' dir='ltr'>contineatur</span> <span class='ocrx_word' id='word_1_108' title='bbox 1059 1893 1189 1938; x_wconf 89' lang='lat' dir='ltr'>necesse</span> 
     </span>
     <span class='ocr_line' id='line_1_15' title="bbox 67 1982 1188 2069; baseline 0.002 -25"><span class='ocrx_word' id='word_1_109' title='bbox 67 1983 114 2062; x_wconf 88' lang='lat' dir='ltr'>est,</span> <span class='ocrx_word' id='word_1_110' title='bbox 135 1982 215 2048; x_wconf 85' lang='lat' dir='ltr'>haud</span> <span class='ocrx_word' id='word_1_111' title='bbox 236 1985 344 2050; x_wconf 86' lang='lat' dir='ltr'>facilis</span> <span class='ocrx_word' id='word_1_112' title='bbox 367 1985 527 2069; x_wconf 85' lang='lat' dir='ltr'>expeditio</span> <span class='ocrx_word' id='word_1_113' title='bbox 550 1989 606 2050; x_wconf 84' lang='lat' dir='ltr'>est.</span> <span class='ocrx_word' id='word_1_114' title='bbox 639 1984 729 2061; x_wconf 86' lang='lat' dir='ltr'>Quod</span> <span class='ocrx_word' id='word_1_115' title='bbox 750 1984 837 2048; x_wconf 86' lang='lat' dir='ltr'>enirn</span> <span class='ocrx_word' id='word_1_116' title='bbox 859 1984 900 2048; x_wconf 89' lang='lat' dir='ltr'>ab</span> <span class='ocrx_word' id='word_1_117' title='bbox 923 1983 1091 2050; x_wconf 84' lang='lat' dir='ltr'>Schuetaio</span> <span class='ocrx_word' id='word_1_118' title='bbox 1115 2005 1188 2047; x_wconf 89' lang='lat' dir='ltr'>con-</span> 
     </span>
     <span class='ocr_line' id='line_1_16' title="bbox 67 2093 1189 2176; baseline 0.001 -20"><span class='ocrx_word' id='word_1_119' title='bbox 67 2093 214 2158; x_wconf 85' lang='lat' dir='ltr'>struuntur</span> <span class='ocrx_word' id='word_1_120' title='bbox 235 2095 299 2160; x_wconf 88' lang='lat' dir='ltr'>sic:</span> <span class='ocrx_word' id='word_1_121' title='bbox 322 2097 391 2176; x_wconf 84' lang='grc' dir='ltr'>ἐμοὶ</span> <span class='ocrx_word' id='word_1_122' title='bbox 413 2095 453 2162; x_wconf 89' lang='grc' dir='ltr'>οὐ</span> <span class='ocrx_word' id='word_1_123' title='bbox 475 2097 579 2176; x_wconf 80' lang='grc' dir='ltr'>δέδια,</span> <span class='ocrx_word' id='word_1_124' title='bbox 604 2095 652 2160; x_wconf 84' lang='grc' dir='ltr'>ὅτι</span> <span class='ocrx_word' id='word_1_125' title='bbox 673 2095 693 2160; x_wconf 86' lang='grc' dir='ltr'>ὁ</span> <span class='ocrx_word' id='word_1_126' title='bbox 716 2096 772 2174; x_wconf 81' lang='grc' dir='ltr'>μὲν</span> <span class='ocrx_word' id='word_1_127' title='bbox 796 2095 918 2174; x_wconf 68' lang='lat' dir='ltr'>operor</span> <span class='ocrx_word' id='word_1_128' title='bbox 938 2096 1039 2174; x_wconf 67' lang='grc' dir='ltr'>γάμος</span> <span class='ocrx_word' id='word_1_129' title='bbox 1062 2093 1189 2176; x_wconf 70' lang='grc' dir='ltr'>ἄφοβός</span> 
     </span>
     <span class='ocr_line' id='line_1_17' title="bbox 66 2201 1189 2289; baseline 0.003 -26"><span class='ocrx_word' id='word_1_130' title='bbox 66 2201 145 2280; x_wconf 66' lang='grc' dir='ltr'>ἐςτιν,</span> <span class='ocrx_word' id='word_1_131' title='bbox 165 2203 197 2266; x_wconf 95' lang='lat' dir='ltr'>id</span> <span class='ocrx_word' id='word_1_132' title='bbox 220 2225 293 2288; x_wconf 77' lang='lat' dir='ltr'>cum</span> <span class='ocrx_word' id='word_1_133' title='bbox 315 2205 357 2268; x_wconf 90' lang='lat' dir='ltr'>ab</span> <span class='ocrx_word' id='word_1_134' title='bbox 378 2205 491 2289; x_wconf 85' lang='lat' dir='ltr'>lingue</span> <span class='ocrx_word' id='word_1_135' title='bbox 518 2204 636 2268; x_wconf 86' lang='lat' dir='ltr'>falsum</span> <span class='ocrx_word' id='word_1_136' title='bbox 659 2207 723 2284; x_wconf 88' lang='lat' dir='ltr'>est,</span> <span class='ocrx_word' id='word_1_137' title='bbox 753 2204 903 2287; x_wconf 88' lang='lat' dir='ltr'>quoniam</span> <span class='ocrx_word' id='word_1_138' title='bbox 925 2203 1113 2268; x_wconf 85' lang='lat' dir='ltr'>Latinorum</span> <span class='ocrx_word' id='word_1_139' title='bbox 1140 2205 1189 2267; x_wconf 89' lang='lat' dir='ltr'>est</span> 
     </span>
     <span class='ocr_line' id='line_1_18' title="bbox 66 2311 1189 2399; baseline 0.004 -27"><span class='ocrx_word' id='word_1_140' title='bbox 66 2330 120 2374; x_wconf 88' lang='lat' dir='ltr'>non</span> <span class='ocrx_word' id='word_1_141' title='bbox 141 2311 333 2379; x_wconf 85' lang='lat' dir='ltr'>Graecorum</span> <span class='ocrx_word' id='word_1_142' title='bbox 354 2313 498 2378; x_wconf 72' lang='lat' dir='ltr'>abuendi</span> <span class='ocrx_word' id='word_1_143' title='bbox 519 2335 621 2399; x_wconf 80' lang='lat' dir='ltr'>genus</span> <span class='ocrx_word' id='word_1_144' title='bbox 648 2314 738 2379; x_wconf 89' lang='grc' dir='ltr'>δέδιά</span> <span class='ocrx_word' id='word_1_145' title='bbox 759 2334 828 2392; x_wconf 80' lang='grc' dir='ltr'>μοι,</span> <span class='ocrx_word' id='word_1_146' title='bbox 855 2317 924 2377; x_wconf 92' lang='lat' dir='ltr'>tum</span> <span class='ocrx_word' id='word_1_147' title='bbox 946 2314 987 2377; x_wconf 95' lang='lat' dir='ltr'>ab</span> <span class='ocrx_word' id='word_1_148' title='bbox 1009 2313 1189 2377; x_wconf 83' lang='lat' dir='ltr'>sententiae</span> 
     </span>
     <span class='ocr_line' id='line_1_19' title="bbox 65 2421 1187 2507; baseline 0.004 -27"><span class='ocrx_word' id='word_1_149' title='bbox 65 2421 183 2486; x_wconf 89' lang='lat' dir='ltr'>ratione.</span> <span class='ocrx_word' id='word_1_150' title='bbox 217 2423 309 2488; x_wconf 87' lang='lat' dir='ltr'>Haec</span> <span class='ocrx_word' id='word_1_151' title='bbox 324 2424 410 2488; x_wconf 89' lang='lat' dir='ltr'>enim</span> <span class='ocrx_word' id='word_1_152' title='bbox 425 2424 501 2487; x_wconf 83' lang='lat' dir='ltr'>talis</span> <span class='ocrx_word' id='word_1_153' title='bbox 523 2424 628 2507; x_wconf 88' lang='lat' dir='ltr'>potius</span> <span class='ocrx_word' id='word_1_154' title='bbox 651 2425 869 2506; x_wconf 87' lang='lat' dir='ltr'>exspectetur:</span> <span class='ocrx_word' id='word_1_155' title='bbox 893 2422 984 2486; x_wconf 83' lang='lat' dir='ltr'>‘mihi</span> <span class='ocrx_word' id='word_1_156' title='bbox 999 2443 1065 2486; x_wconf 91' lang='lat' dir='ltr'>non</span> <span class='ocrx_word' id='word_1_157' title='bbox 1079 2423 1187 2505; x_wconf 84' lang='lat' dir='ltr'>timeo,</span> 
     </span>
     <span class='ocr_line' id='line_1_20' title="bbox 65 2529 1188 2618; baseline 0.004 -26"><span class='ocrx_word' id='word_1_158' title='bbox 65 2529 127 2612; x_wconf 86' lang='lat' dir='ltr'>qaia</span> <span class='ocrx_word' id='word_1_159' title='bbox 146 2533 250 2598; x_wconf 88' lang='lat' dir='ltr'>nullas</span> <span class='ocrx_word' id='word_1_160' title='bbox 272 2533 335 2598; x_wconf 88' lang='lat' dir='ltr'>nisi</span> <span class='ocrx_word' id='word_1_161' title='bbox 359 2533 506 2618; x_wconf 83' lang='lat' dir='ltr'>aequales</span> <span class='ocrx_word' id='word_1_162' title='bbox 529 2533 658 2616; x_wconf 87' lang='lat' dir='ltr'>nuptias</span> <span class='ocrx_word' id='word_1_163' title='bbox 681 2535 847 2616; x_wconf 64' lang='lat' dir='ltr'>appeto?</span> <span class='ocrx_word' id='word_1_164' title='bbox 877 2531 945 2597; x_wconf 90' lang='lat' dir='ltr'>Nec</span> <span class='ocrx_word' id='word_1_165' title='bbox 967 2531 1082 2616; x_wconf 84' lang='lat' dir='ltr'>magis,</span> <span class='ocrx_word' id='word_1_166' title='bbox 1106 2531 1188 2615; x_wconf 90' lang='lat' dir='ltr'>quod</span> 
     </span>
     <span class='ocr_line' id='line_1_21' title="bbox 65 2639 1188 2727; baseline 0.004 -25"><span class='ocrx_word' id='word_1_167' title='bbox 65 2639 192 2706; x_wconf 81' lang='lat' dir='ltr'>Amaldo</span> <span class='ocrx_word' id='word_1_168' title='bbox 206 2643 339 2727; x_wconf 87' lang='lat' dir='ltr'>placuit,</span> <span class='ocrx_word' id='word_1_169' title='bbox 364 2643 427 2710; x_wconf 80' lang='lat' dir='ltr'>dre</span> <span class='ocrx_word' id='word_1_170' title='bbox 443 2644 522 2708; x_wconf 87' lang='lat' dir='ltr'>setis</span> <span class='ocrx_word' id='word_1_171' title='bbox 541 2643 636 2708; x_wconf 86' lang='lat' dir='ltr'>facit:</span> <span class='ocrx_word' id='word_1_172' title='bbox 659 2642 765 2706; x_wconf 85' lang='lat' dir='ltr'>‘mihi</span> <span class='ocrx_word' id='word_1_173' title='bbox 781 2663 861 2706; x_wconf 92' lang='lat' dir='ltr'>cum</span> <span class='ocrx_word' id='word_1_174' title='bbox 876 2681 918 2690; x_wconf 96' lang='lat'><em>-</em></span> <span class='ocrx_word' id='word_1_175' title='bbox 933 2642 1119 2725; x_wconf 79' lang='lat' dir='ltr'>eveniet’3</span> <span class='ocrx_word' id='word_1_176' title='bbox 1141 2641 1188 2706; x_wconf 86' lang='lat' dir='ltr'>ita</span> 
     </span>
     <span class='ocr_line' id='line_1_22' title="bbox 65 2749 1188 2837; baseline 0.004 -27"><span class='ocrx_word' id='word_1_177' title='bbox 65 2749 137 2814; x_wconf 88' lang='lat' dir='ltr'>enim</span> <span class='ocrx_word' id='word_1_178' title='bbox 157 2774 428 2837; x_wconf 85' lang='lat' dir='ltr'>supervacaneum</span> <span class='ocrx_word' id='word_1_179' title='bbox 450 2757 507 2818; x_wconf 90' lang='lat' dir='ltr'>aut</span> <span class='ocrx_word' id='word_1_180' title='bbox 527 2753 656 2836; x_wconf 69' lang='grc' dir='ltr'>ἄφοβοι</span> <span class='ocrx_word' id='word_1_181' title='bbox 678 2754 727 2816; x_wconf 88' lang='lat' dir='ltr'>est</span> <span class='ocrx_word' id='word_1_182' title='bbox 748 2755 805 2816; x_wconf 92' lang='lat' dir='ltr'>aut</span> <span class='ocrx_word' id='word_1_183' title='bbox 826 2753 866 2818; x_wconf 89' lang='grc' dir='ltr'>οὐ</span> <span class='ocrx_word' id='word_1_184' title='bbox 888 2753 984 2818; x_wconf 91' lang='grc' dir='ltr'>δέδια</span> <span class='ocrx_word' id='word_1_185' title='bbox 1025 2750 1188 2815; x_wconf 88' lang='lat' dir='ltr'>Delendae</span> 
     </span>
     <span class='ocr_line' id='line_1_23' title="bbox 65 2861 1188 2948; baseline 0.004 -29"><span class='ocrx_word' id='word_1_186' title='bbox 65 2864 253 2928; x_wconf 74' lang='lat' dir='ltr'>cantantem</span> <span class='ocrx_word' id='word_1_187' title='bbox 276 2864 397 2948; x_wconf 85' lang='lat' dir='ltr'>priores</span> <span class='ocrx_word' id='word_1_188' title='bbox 418 2864 547 2928; x_wconf 84' lang='lat' dir='ltr'>litterae</span> <span class='ocrx_word' id='word_1_189' title='bbox 562 2863 632 2941; x_wconf 73' lang='grc' dir='ltr'>ἐμοὶ</span> <span class='ocrx_word' id='word_1_190' title='bbox 652 2862 861 2946; x_wconf 84' lang='lat' dir='ltr'>pronominis,</span> <span class='ocrx_word' id='word_1_191' title='bbox 884 2865 973 2926; x_wconf 85' lang='lat' dir='ltr'>ortae</span> <span class='ocrx_word' id='word_1_192' title='bbox 992 2861 1128 2925; x_wconf 87' lang='lat' dir='ltr'>fortasse</span> <span class='ocrx_word' id='word_1_193' title='bbox 1149 2881 1188 2924; x_wconf 85' lang='lat' dir='ltr'>ex</span> 
     </span>
     <span class='ocr_line' id='line_1_24' title="bbox 64 2971 1187 3057; baseline 0.004 -28"><span class='ocrx_word' id='word_1_194' title='bbox 64 2987 147 3051; x_wconf 86' lang='lat' dir='ltr'>supra</span> <span class='ocrx_word' id='word_1_195' title='bbox 168 2974 289 3057; x_wconf 88' lang='lat' dir='ltr'>scripte</span> <span class='ocrx_word' id='word_1_196' title='bbox 311 2973 499 3038; x_wconf 86' lang='lat' dir='ltr'>hemichorii</span> <span class='ocrx_word' id='word_1_197' title='bbox 526 2978 605 3038; x_wconf 85' lang='lat' dir='ltr'>nota</span> <span class='ocrx_word' id='word_1_198' title='bbox 637 2981 710 3038; x_wconf 76' lang='grc' dir='ltr'>ἨΜ.</span> <span class='ocrx_word' id='word_1_199' title='bbox 760 2971 812 3038; x_wconf 84' lang='lat' dir='ltr'>Ite</span> <span class='ocrx_word' id='word_1_200' title='bbox 838 2993 947 3038; x_wconf 85' lang='lat' dir='ltr'>versus</span> <span class='ocrx_word' id='word_1_201' title='bbox 976 2971 1041 3036; x_wconf 85' lang='lat' dir='ltr'>erit</span> <span class='ocrx_word' id='word_1_202' title='bbox 1068 2971 1187 3034; x_wconf 87' lang='lat' dir='ltr'>ictuum</span> 
     </span>
     <span class='ocr_line' id='line_1_25' title="bbox 64 3077 726 3168; baseline 0.012 -28"><span class='ocrx_word' id='word_1_203' title='bbox 64 3077 210 3164; x_wconf 81' lang='lat' dir='ltr'>elegantia</span> <span class='ocrx_word' id='word_1_204' title='bbox 231 3105 311 3148; x_wconf 85' lang='lat' dir='ltr'>sane</span> <span class='ocrx_word' id='word_1_205' title='bbox 332 3105 428 3168; x_wconf 89' lang='lat' dir='ltr'>quam</span> <span class='ocrx_word' id='word_1_206' title='bbox 451 3083 726 3148; x_wconf 87' lang='lat' dir='ltr'>commendabilis:</span> 
     </span>
    </p>
   </div>
   <div class='ocr_carea' id='block_1_3' title="bbox 260 3231 971 3317">
    <p class='ocr_par' dir='ltr' id='par_1_4' title="bbox 260 3231 971 3317">
     <span class='ocr_line' id='line_1_26' title="bbox 260 3231 971 3317; baseline -0.001 -17"><span class='ocrx_word' id='word_1_207' title='bbox 260 3231 338 3300; x_wconf 80' lang='grc' dir='ltr'>οἶδ’</span> <span class='ocrx_word' id='word_1_208' title='bbox 363 3234 425 3301; x_wconf 79' lang='grc' dir='ltr'>ὅτι</span> <span class='ocrx_word' id='word_1_209' title='bbox 447 3237 504 3316; x_wconf 84' lang='grc' dir='ltr'>μὲν</span> <span class='ocrx_word' id='word_1_210' title='bbox 527 3237 648 3317; x_wconf 68' lang='grc' dir='ltr'>ὁμαλὸς</span> <span class='ocrx_word' id='word_1_211' title='bbox 671 3237 690 3302; x_wconf 91' lang='grc' dir='ltr'>δ</span> <span class='ocrx_word' id='word_1_212' title='bbox 711 3237 813 3315; x_wconf 73' lang='grc' dir='ltr'>γάμοι</span> <span class='ocrx_word' id='word_1_213' title='bbox 835 3233 971 3317; x_wconf 70' lang='grc' dir='ltr'>ἄφοβος.</span> 
     </span>
    </p>
   </div>
   <div class='ocr_carea' id='block_1_4' title="bbox 63 3401 1212 4374">
    <p class='ocr_par' dir='ltr' id='par_1_5' title="bbox 63 3401 1212 4374">
     <span class='ocr_line' id='line_1_27' title="bbox 65 3401 1187 3496; baseline 0.002 -24"><span class='ocrx_word' id='word_1_214' title='bbox 65 3401 146 3473; x_wconf 87' lang='lat' dir='ltr'>Nunc</span> <span class='ocrx_word' id='word_1_215' title='bbox 165 3433 289 3476; x_wconf 85' lang='lat' dir='ltr'>rursum</span> <span class='ocrx_word' id='word_1_216' title='bbox 311 3411 478 3477; x_wconf 87' lang='lat' dir='ltr'>haeremus</span> <span class='ocrx_word' id='word_1_217' title='bbox 499 3412 534 3475; x_wconf 93' lang='lat' dir='ltr'>in</span> <span class='ocrx_word' id='word_1_218' title='bbox 557 3415 597 3478; x_wconf 89' lang='grc' dir='ltr'>οὐ</span> <span class='ocrx_word' id='word_1_219' title='bbox 618 3417 707 3479; x_wconf 82' lang='grc' dir='ltr'>δέδια</span> <span class='ocrx_word' id='word_1_220' title='bbox 728 3412 844 3496; x_wconf 85' lang='lat' dir='ltr'>verbis,</span> <span class='ocrx_word' id='word_1_221' title='bbox 872 3413 985 3496; x_wconf 89' lang='lat' dir='ltr'>quibus</span> <span class='ocrx_word' id='word_1_222' title='bbox 1007 3414 1075 3476; x_wconf 85' lang='lat' dir='ltr'>tam</span> <span class='ocrx_word' id='word_1_223' title='bbox 1097 3431 1187 3494; x_wconf 90' lang='lat' dir='ltr'>prae-</span> 
     </span>
     <span class='ocr_line' id='line_1_28' title="bbox 63 3513 1186 3604; baseline 0.001 -22"><span class='ocrx_word' id='word_1_224' title='bbox 63 3513 152 3582; x_wconf 81' lang='lat' dir='ltr'>fracte</span> <span class='ocrx_word' id='word_1_225' title='bbox 173 3522 284 3604; x_wconf 84' lang='lat' dir='ltr'>positis</span> <span class='ocrx_word' id='word_1_226' title='bbox 307 3542 373 3586; x_wconf 87' lang='lat' dir='ltr'>non</span> <span class='ocrx_word' id='word_1_227' title='bbox 395 3523 500 3604; x_wconf 85' lang='lat' dir='ltr'>potuit</span> <span class='ocrx_word' id='word_1_228' title='bbox 523 3522 704 3587; x_wconf 86' lang='lat' dir='ltr'>continuari</span> <span class='ocrx_word' id='word_1_229' title='bbox 726 3523 843 3586; x_wconf 89' lang='lat' dir='ltr'>oratio:</span> <span class='ocrx_word' id='word_1_230' title='bbox 867 3523 944 3586; x_wconf 84' lang='grc' dir='ltr'>οὐδὲ</span> <span class='ocrx_word' id='word_1_231' title='bbox 959 3525 1044 3586; x_wconf 87' lang='lat' dir='ltr'>certe</span> <span class='ocrx_word' id='word_1_232' title='bbox 1066 3520 1186 3584; x_wconf 89' lang='lat' dir='ltr'>deside-</span> 
     </span>
     <span class='ocr_line' id='line_1_29' title="bbox 65 3629 1186 3715; baseline 0.004 -25"><span class='ocrx_word' id='word_1_233' title='bbox 65 3629 150 3691; x_wconf 83' lang='lat' dir='ltr'>ratur.</span> <span class='ocrx_word' id='word_1_234' title='bbox 196 3631 402 3696; x_wconf 87' lang='lat' dir='ltr'>Intereidisse</span> <span class='ocrx_word' id='word_1_235' title='bbox 435 3635 542 3696; x_wconf 86' lang='lat' dir='ltr'>autem</span> <span class='ocrx_word' id='word_1_236' title='bbox 574 3632 693 3715; x_wconf 85' lang='lat' dir='ltr'>aliquid</span> <span class='ocrx_word' id='word_1_237' title='bbox 725 3630 927 3715; x_wconf 90' lang='lat' dir='ltr'>antistropha</span> <span class='ocrx_word' id='word_1_238' title='bbox 958 3631 1066 3696; x_wconf 89' lang='lat' dir='ltr'>docet:</span> <span class='ocrx_word' id='word_1_239' title='bbox 1103 3631 1186 3715; x_wconf 88' lang='lat' dir='ltr'>quod</span> 
     </span>
     <span class='ocr_line' id='line_1_30' title="bbox 64 3737 1212 3826; baseline 0.008 -29"><span class='ocrx_word' id='word_1_240' title='bbox 64 3737 144 3814; x_wconf 86' lang='lat' dir='ltr'>quale</span> <span class='ocrx_word' id='word_1_241' title='bbox 170 3740 229 3822; x_wconf 84' lang='lat' dir='ltr'>sit,</span> <span class='ocrx_word' id='word_1_242' title='bbox 261 3741 404 3804; x_wconf 88' lang='lat' dir='ltr'>indidem</span> <span class='ocrx_word' id='word_1_243' title='bbox 431 3741 581 3826; x_wconf 83' lang='lat' dir='ltr'>colligas,</span> <span class='ocrx_word' id='word_1_244' title='bbox 616 3740 743 3825; x_wconf 91' lang='lat' dir='ltr'>quando</span> <span class='ocrx_word' id='word_1_245' title='bbox 771 3741 825 3824; x_wconf 93' lang='lat' dir='ltr'>qui</span> <span class='ocrx_word' id='word_1_246' title='bbox 854 3740 888 3804; x_wconf 90' lang='lat' dir='ltr'>in</span> <span class='ocrx_word' id='word_1_247' title='bbox 916 3741 1025 3822; x_wconf 80' lang='grc' dir='ltr'>ἄπορα</span> <span class='ocrx_word' id='word_1_248' title='bbox 1050 3743 1212 3822; x_wconf 56' lang='grc' dir='ltr'>πόριμα</span> 
     </span>
     <span class='ocr_line' id='line_1_31' title="bbox 65 3847 1186 3934; baseline 0.004 -25"><span class='ocrx_word' id='word_1_249' title='bbox 65 3847 191 3912; x_wconf 78' lang='lat' dir='ltr'>cernitm</span> <span class='ocrx_word' id='word_1_250' title='bbox 211 3851 407 3934; x_wconf 85' lang='lat' dir='ltr'>syllabarum</span> <span class='ocrx_word' id='word_1_251' title='bbox 428 3850 524 3932; x_wconf 88' lang='lat' dir='ltr'>lusus,</span> <span class='ocrx_word' id='word_1_252' title='bbox 549 3851 684 3916; x_wconf 89' lang='lat' dir='ltr'>eundem</span> <span class='ocrx_word' id='word_1_253' title='bbox 705 3851 870 3934; x_wconf 90' lang='lat' dir='ltr'>probabile</span> <span class='ocrx_word' id='word_1_254' title='bbox 892 3852 940 3916; x_wconf 90' lang='lat' dir='ltr'>est</span> <span class='ocrx_word' id='word_1_255' title='bbox 961 3851 1065 3916; x_wconf 86' lang='lat' dir='ltr'>locum</span> <span class='ocrx_word' id='word_1_256' title='bbox 1087 3851 1186 3916; x_wconf 89' lang='lat' dir='ltr'>habu-</span> 
     </span>
     <span class='ocr_line' id='line_1_32' title="bbox 64 3950 1186 4044; baseline 0.004 -26"><span class='ocrx_word' id='word_1_257' title='bbox 64 3950 115 4016; x_wconf 75' lang='lat' dir='ltr'>bse</span> <span class='ocrx_word' id='word_1_258' title='bbox 135 3957 168 4020; x_wconf 94' lang='lat' dir='ltr'>in</span> <span class='ocrx_word' id='word_1_259' title='bbox 188 3961 332 4043; x_wconf 85' lang='lat' dir='ltr'>stropha.</span> <span class='ocrx_word' id='word_1_260' title='bbox 377 3960 446 4035; x_wconf 79' lang='lat' dir='ltr'>Qua</span> <span class='ocrx_word' id='word_1_261' title='bbox 468 3961 503 4024; x_wconf 91' lang='lat' dir='ltr'>in</span> <span class='ocrx_word' id='word_1_262' title='bbox 525 3981 559 4025; x_wconf 91' lang='lat' dir='ltr'>re</span> <span class='ocrx_word' id='word_1_263' title='bbox 582 3961 696 4044; x_wconf 85' lang='lat' dir='ltr'>aliquis</span> <span class='ocrx_word' id='word_1_264' title='bbox 722 3983 796 4024; x_wconf 90' lang='lat' dir='ltr'>usus</span> <span class='ocrx_word' id='word_1_265' title='bbox 825 3965 873 4024; x_wconf 88' lang='lat' dir='ltr'>est</span> <span class='ocrx_word' id='word_1_266' title='bbox 900 3961 1039 4026; x_wconf 88' lang='lat' dir='ltr'>eiusdem</span> <span class='ocrx_word' id='word_1_267' title='bbox 1069 3961 1186 4025; x_wconf 83' lang='lat' dir='ltr'>codicis</span> 
     </span>
     <span class='ocr_line' id='line_1_33' title="bbox 64 4058 1187 4152; baseline 0.006 -26"><span class='ocrx_word' id='word_1_268' title='bbox 64 4058 161 4148; x_wconf 77' lang='lat' dir='ltr'>Regii,</span> <span class='ocrx_word' id='word_1_269' title='bbox 185 4069 273 4132; x_wconf 88' lang='lat' dir='ltr'>cuius</span> <span class='ocrx_word' id='word_1_270' title='bbox 296 4090 356 4152; x_wconf 89' lang='lat' dir='ltr'>ope</span> <span class='ocrx_word' id='word_1_271' title='bbox 377 4091 408 4134; x_wconf 79' lang='lat' dir='ltr'>v.</span> <span class='ocrx_word' id='word_1_272' title='bbox 431 4071 493 4134; x_wconf 83' lang='lat'>901</span> <span class='ocrx_word' id='word_1_273' title='bbox 518 4070 758 4135; x_wconf 87' lang='lat' dir='ltr'>emendabatur.</span> <span class='ocrx_word' id='word_1_274' title='bbox 803 4071 1002 4134; x_wconf 87' lang='lat' dir='ltr'>Documento</span> <span class='ocrx_word' id='word_1_275' title='bbox 1030 4071 1115 4134; x_wconf 92' lang='lat' dir='ltr'>enim</span> <span class='ocrx_word' id='word_1_276' title='bbox 1138 4074 1187 4134; x_wconf 86' lang='lat' dir='ltr'>est</span> 
     </span>
     <span class='ocr_line' id='line_1_34' title="bbox 63 4169 1186 4268; baseline 0.011 -38"><span class='ocrx_word' id='word_1_277' title='bbox 63 4169 137 4236; x_wconf 86' lang='lat' dir='ltr'>illius</span> <span class='ocrx_word' id='word_1_278' title='bbox 167 4178 327 4261; x_wconf 85' lang='lat' dir='ltr'>scriptura</span> <span class='ocrx_word' id='word_1_279' title='bbox 354 4181 430 4268; x_wconf 74' lang='lat' dir='ltr'>odet</span> <span class='ocrx_word' id='word_1_280' title='bbox 456 4183 605 4260; x_wconf 87' lang='grc' dir='ltr'>διανομὴ</span> <span class='ocrx_word' id='word_1_281' title='bbox 634 4183 669 4246; x_wconf 89' lang='grc' dir='ltr'>δέ</span> <span class='ocrx_word' id='word_1_282' title='bbox 676 4230 685 4263; x_wconf 87' lang='lat'><em>,</em></span> <span class='ocrx_word' id='word_1_283' title='bbox 719 4181 919 4244; x_wconf 87' lang='lat' dir='ltr'>intercidisse</span> <span class='ocrx_word' id='word_1_284' title='bbox 952 4179 1070 4262; x_wconf 91' lang='lat' dir='ltr'>aliquid</span> <span class='ocrx_word' id='word_1_285' title='bbox 1101 4181 1186 4244; x_wconf 87' lang='lat' dir='ltr'>inter</span> 
     </span>
     <span class='ocr_line' id='line_1_35' title="bbox 63 4282 1186 4374; baseline 0.012 -32"><span class='ocrx_word' id='word_1_286' title='bbox 63 4282 139 4348; x_wconf 81' lang='grc' dir='ltr'>δέδια</span> <span class='ocrx_word' id='word_1_287' title='bbox 159 4288 191 4348; x_wconf 90' lang='lat' dir='ltr'>et</span> <span class='ocrx_word' id='word_1_288' title='bbox 213 4291 291 4367; x_wconf 84' lang='grc' dir='ltr'>μηδὲ</span> <span class='ocrx_word' id='word_1_289' title='bbox 298 4338 307 4372; x_wconf 77' lang='lat'>‚</span> <span class='ocrx_word' id='word_1_290' title='bbox 331 4287 413 4372; x_wconf 87' lang='lat' dir='ltr'>quod</span> <span class='ocrx_word' id='word_1_291' title='bbox 435 4309 504 4353; x_wconf 85' lang='lat' dir='ltr'>esse</span> <span class='ocrx_word' id='word_1_292' title='bbox 526 4291 603 4354; x_wconf 86' lang='grc' dir='ltr'>Δῖα</span> <span class='ocrx_word' id='word_1_293' title='bbox 625 4289 764 4354; x_wconf 87' lang='lat' dir='ltr'>videtur:</span> <span class='ocrx_word' id='word_1_294' title='bbox 788 4311 882 4374; x_wconf 91' lang='lat' dir='ltr'>quem</span> <span class='ocrx_word' id='word_1_295' title='bbox 903 4289 1088 4354; x_wconf 90' lang='lat' dir='ltr'>admodum</span> <span class='ocrx_word' id='word_1_296' title='bbox 1112 4292 1186 4371; x_wconf 87' lang='grc' dir='ltr'>βού-</span> 
     </span>
    </p>
   </div>
   <div class='ocr_carea' id='block_1_5' title="bbox 64 4389 1186 4563">
    <p class='ocr_par' dir='ltr' id='par_1_6' title="bbox 64 4389 1186 4563">
     <span class='ocr_line' id='line_1_36' title="bbox 64 4389 1186 4481; baseline 0.01 -28"><span class='ocrx_word' id='word_1_297' title='bbox 64 4389 150 4470; x_wconf 84' lang='grc' dir='ltr'>λευμα</span> <span class='ocrx_word' id='word_1_298' title='bbox 170 4398 209 4460; x_wconf 87' lang='grc' dir='ltr'>τὸ</span> <span class='ocrx_word' id='word_1_299' title='bbox 232 4398 316 4463; x_wconf 85' lang='grc' dir='ltr'>Δῖον</span> <span class='ocrx_word' id='word_1_300' title='bbox 339 4397 507 4481; x_wconf 80' lang='lat' dir='ltr'>legebatur</span> <span class='ocrx_word' id='word_1_301' title='bbox 528 4421 557 4461; x_wconf 85' lang='lat' dir='ltr'>v.</span> <span class='ocrx_word' id='word_1_302' title='bbox 575 4399 648 4481; x_wconf 79' lang='lat'><strong>622,</strong></span> <span class='ocrx_word' id='word_1_303' title='bbox 672 4401 710 4464; x_wconf 88' lang='grc' dir='ltr'>τὸ</span> <span class='ocrx_word' id='word_1_304' title='bbox 732 4401 818 4464; x_wconf 85' lang='grc' dir='ltr'>Δῖον</span> <span class='ocrx_word' id='word_1_305' title='bbox 841 4401 924 4480; x_wconf 82' lang='grc' dir='ltr'>ὄμμα</span> <span class='ocrx_word' id='word_1_306' title='bbox 946 4422 976 4462; x_wconf 90' lang='lat' dir='ltr'>v.</span> <span class='ocrx_word' id='word_1_307' title='bbox 993 4399 1065 4476; x_wconf 71' lang='lat'>657,</span> <span class='ocrx_word' id='word_1_308' title='bbox 1089 4403 1186 4480; x_wconf 79' lang='grc' dir='ltr'>(τόμα</span> 
     </span>
     <span class='ocr_line' id='line_1_37' title="bbox 919 4500 983 4563; baseline 0.016 -1"><span class='ocrx_word' id='word_1_309' title='bbox 919 4500 983 4563; x_wconf 74' lang='grc'>95*</span> 
     </span>
    </p>
   </div>
   <div class='ocr_carea' id='block_1_6' title="bbox 0 0 1476 5134">
    <p class='ocr_par' dir='ltr' id='par_1_7' title="bbox 0 0 1476 5134">
     <span class='ocr_line' id='line_1_38' title="bbox 0 0 1476 5134; baseline 0 1"><span class='ocrx_word' id='word_1_310' title='bbox 0 0 1476 5134; x_wconf 95' lang='lat' dir='ltr'> </span> 
     </span>
    </p>
   </div>
  </div>
 </body>
</html>
