2954 5134
269 300 332 364 536
646 316 693 361 nu
716 314 844 362 comen
866 313 1042 368 rapinam:
1096 310 1102 320 ·

268 491 327 553 pro
354 469 736 550 προκατοςκευαζόμενοι,
765 467 808 532 45
836 468 901 547 έτη
930 467 1065 548 τέτταρα
1096 489 1156 552 pro
1189 469 1249 535 ἐπὶ
1274 471 1384 550 τέτταρα

270 579 368 662 (unde
395 578 557 668 profectus
585 578 797 661 interpolator
824 579 888 642 έπὶ
913 579 1048 658 τέτταρα
1177 579 1260 662 ἔτη),
1285 579 1335 660 IV,
1355 582 1383 642 ll

269 690 540 769 ἀποςτερούμενοι
567 690 617 752 καὶ
645 689 692 753 οὐ
721 688 793 772 (pro
816 689 866 773 ol)
893 689 933 752 τὰ
955 687 1110 769 ἀλλότρια
1132 689 1342 767 ἀποδιδόντες·
1362 691 1385 752 οἱ

269 802 304 864 δὲ
327 799 487 878 ἀνειμένοι
508 806 574 864 τῶν
598 799 799 878 εἰςφορῶν
823 797 895 881 (ρτο
918 799 1153 882 ςυμφορῶν)
1182 803 1249 865 τῶν
1270 799 1309 864 εἰς
1327 801 1386 863 τοὺς

269 911 447 988 πολέμους,
475 910 509 974 εἰ
535 911 765 988 τιμήςαςθαι
788 908 860 991 (pro
887 908 1194 993 εἰιτιμήςοςθαι)
1221 911 1292 974 τοὺς
1316 909 1386 988 βίους

270 1020 577 1097 ἀναγκαςθήςονται,
605 1017 701 1101 vulgo
729 1017 866 1100 turpiter
896 1021 1045 1100 corrupta
1067 1018 1236 1083 levissimis
1263 1019 1299 1082 de
1318 1039 1387 1081 caus-

269 1129 328 1210 sis3
355 1129 396 1192 58
420 1131 562 1207 πικρὸς
585 1129 707 1206 ὀργὴν
731 1148 789 1210 pro
811 1128 990 1208 πονηρὸς
1013 1129 1080 1206 ὢν,
1108 1129 1151 1193 59
1178 1131 1213 1194 ἐκ
1240 1133 1293 1208 τῆς
1313 1129 1387 1193 ἀπο-

235 1275 236 1280 1
267 1243 388 1317 τομῆς
415 1238 490 1317 αἷμα
518 1239 635 1317 θερμὸν
657 1259 715 1320 pro
739 1238 772 1301 ἐκ
799 1241 854 1315 τῆς
883 1241 1058 1319 κεφαλῆς
1086 1260 1114 1302 α.
1136 1245 1175 1320 6.,
1198 1237 1279 1323 quod
1305 1258 1387 1302 emen-

269 1347 367 1410 dandi
395 1347 580 1411 necessitati
612 1347 728 1410 cedens
761 1346 795 1408 in
831 1352 954 1428 ςφαγῆς
982 1348 1118 1410 mutavit
1148 1348 1303 1412 Reiskius.
1341 1345 1388 1409 Sed

270 1458 348 1521 satis
371 1458 596 1540 exemplorrmr.
642 1457 781 1531 Quorum
804 1456 830 1518 si
853 1455 1026 1540 quaedam,
1055 1478 1082 1520 e.
1106 1479 1140 1541 g.
1164 1444 1235 1525 uun
1256 1457 1327 1520 illud
1346 1477 1389 1539 pro

268 1574 313 1652 τῷ
336 1569 457 1650 Αἰνείᾳ,
488 1566 675 1631 correctoris
698 1587 845 1649 manum,
874 1587 940 1630 non
962 1566 1169 1652 integriorem
1198 1569 1317 1631 sontem
1335 1587 1389 1649 pro

269 1678 343 1741 dere
365 1677 550 1759 videantur,
584 1676 645 1738 etei
667 1675 699 1738 id
723 1676 777 1760 qui
799 1676 1012 1740 demonstrari
1034 1677 1136 1760 possit
1157 1698 1254 1761 aegre
1275 1673 1390 1758 assequi·

269 1809 349 1870 mur,
383 1791 493 1850 tamen
526 1790 609 1849 esto:
643 1785 854 1869 probabiliter
887 1786 988 1870 igitur
1020 1786 1158 1850 correxit
1190 1789 1223 1849 et
1253 1790 1288 1850 ut
1317 1784 1391 1848 laude

269 1898 386 1981 dignus
409 1897 465 1979 sit,
495 1897 522 1960 si
550 1918 616 1960 non
644 1895 762 1981 dignus
789 1896 861 1959 fide.
907 1895 946 1959 In
968 1896 1076 1960 omnia
1102 1897 1163 1960 hoc
1192 1896 1302 1960 cadere
1321 1893 1390 1960 nullo

270 2011 365 2091 pacto
388 2010 509 2090 potest,
533 2028 571 2069 ac
593 2028 634 2069 ne
657 2006 689 2070 in
713 2006 867 2069 maiorem
890 2005 1017 2089 quidem
1039 2009 1175 2088 partem.

795 2201 889 2280 §12

219 2345 249 2390 21
355 2339 445 2401 Licet
473 2340 580 2400 autem
602 2335 770 2399 Vrbinatis
798 2336 833 2400 in
861 2335 997 2419 singulis
1025 2335 1229 2421 diligentiam
1255 2333 1391 2401 etiamad

270 2450 367 2513 alium
390 2469 535 2511 normam
559 2446 703 2529 exigere,
727 2445 1003 2530 quampraeclara
1024 2446 1204 2510 subtilitate
1220 2449 1256 2512 0.
1273 2444 1392 2511 Sinonis
1463 2479 1464 2519 ι

271 2563 378 2622 noster
407 2579 477 2621 curn
507 2556 584 2619 alibi
607 2559 791 2638 persecutus
820 2561 869 2620 est
889 2559 959 2620 tum
985 2557 1025 2620 ad
1048 2556 1238 2640 Dionysium
1266 2579 1332 2621 cum
1350 2554 1393 2618 ali·

270 2667 862 2752 quotemperamentoaccommodari
890 2688 983 2749 posse
1013 2666 1219 2750 significavit.
1264 2666 1300 2730 ld
1319 2663 1392 2749 quale

270 2779 328 2860 sit,
353 2777 417 2840 suis
440 2776 544 2840 verbis
566 2775 752 2858 propediem
775 2776 843 2858 ipse
859 2776 1047 2860 explicabit;
1071 2799 1172 2859 nunc,
1196 2777 1341 2861 quoniam
1358 2775 1392 2836 ita
1462 2779 1463 2814 ι

270 2890 334 2951 fert
360 2886 587 2969 disputationis
616 2885 714 2967 ratic,
749 2885 809 2949 hoc
836 2907 934 2949 unum
968 2907 1104 2968 occupo,
1138 2887 1392 2969 parcissimum

270 2997 448 3060 hiatuum
476 2996 641 3058 inventum
671 3017 739 3058 esse
766 2995 965 3078 Dionysium.
1022 2995 1109 3059 Hinc
1137 3017 1330 3082 consequeus
1356 2995 1392 3056 est
1461 3013 1462 3107 p

272 3109 434 3190 praestare
462 3128 515 3168 eas
539 3104 706 3169 Vrbinatis
734 3105 907 3187 scripturas
936 3106 978 3169 ab
1003 3113 1027 3167 A
1048 3105 1279 3190 discrepantes,
1302 3103 1393 3190 quibus

271 3216 377 3278 hiatus
400 3215 557 3277 vocalium
579 3214 712 3277 tollitur.
758 3214 856 3278 Velut
878 3237 949 3279 cum
971 3215 1036 3299 Ill,
1060 3216 1102 3280 54
1130 3217 1190 3282 δςα
1217 3220 1294 3283 τοὺς
1313 3235 1393 3294 γέων

270 3327 349 3402 γοὺς
383 3325 558 3405 ἀφείλοντο
592 3324 776 3406 transponit
808 3346 865 3406 pro
898 3325 957 3390 ὅςα
987 3326 1163 3406 ἀφείλοντο
1191 3350 1218 3392 τ.
1246 3349 1289 3406 p,
1320 3348 1343 3389 e.
1361 3323 1392 3386 56

270 3438 413 3515 luterem
440 3435 515 3499 τοὺς
539 3435 692 3513 (οβίνους
723 3435 833 3513 ἔμελλε
856 3456 914 3518 pro
937 3438 1080 3515 λήςεςθω
1101 3437 1214 3516 ἔμελλε
1236 3461 1262 3504 τ.
1285 3440 1325 3503 Ε..
1348 3431 1391 3510 ll,

270 3548 311 3609 24
338 3545 455 3624 ἀρτίως
483 3549 654 3622 κακοῦργοι
682 3565 740 3626 pro
769 3549 940 3623 κακοῦργοι
968 3545 1099 3624 ἀρτίως,
1132 3548 1175 3610 40
1202 3549 1298 3613 οὐδέν
1323 3547 1391 3622 αὐτῷ

266 3666 328 3739 pro
351 3656 438 3738 αὐτῷ
463 3654 577 3731 οὐδέν,
599 3654 642 3717 54
664 3655 809 3718 ἐπιεικῶς
833 3655 911 3719 οὖςα
933 3676 992 3737 pro
1015 3655 1095 3719 οὖςα
1116 3657 1279 3736 ἐπιεικῶς,
1305 3657 1338 3719 6Ῑ
1357 3652 1391 3715 αἰ-

270 3767 426 3830 τιώτατον
448 3767 593 3840 γενέςθαι
617 3785 674 3844 pro
695 3784 723 3839 γ.
740 3765 789 3838 nt,
813 3763 887 3844 v,7
913 3765 1048 3830 έπίθειιν
1071 3765 1209 3843 ἔμελλον
1237 3767 1391 3844 ποιήιεςθαι

271 3897 328 3959 pro
351 3877 396 3953 έμ.
421 3898 452 3938 π.
477 3875 525 3938 ἐπ.
554 3877 586 3936 et
615 3873 721 3954 paullo
749 3877 821 3954 post
848 3875 999 3952 προςήκει
1026 3876 1195 3954 Ῥωμαίων
1224 3876 1259 3941 εὗ
1286 3896 1337 3959 pro
1359 3870 1390 3933 Ῥ.

271 4009 321 4066 πρ.
346 3985 398 4060 εὖ,
426 3983 488 4066 VI,
518 3983 643 4048 aevo‘
672 3983 844 4061 ὑπομένων
875 4004 932 4065 pro
961 3985 1003 4048 ἐν
1033 3986 1059 4068 ᾧ
1089 3984 1263 4063 ὑπομένων
1288 3983 1390 4063 aliaque

270 4117 402 4159 numero
435 4116 500 4158 uon
534 4114 645 4176 pauca.
691 4092 829 4155 llursum
857 4096 964 4156 autem
993 4093 1070 4157 hinc
1097 4094 1336 4177 proficiscimur,
1364 4096 1389 4148 ul

272 4205 369 4267 etiarn
398 4204 475 4267 alibi
508 4206 701 4266 mutatum
734 4203 917 4266 ordinem
945 4203 1167 4288 verborum,
1202 4203 1282 4289 quod
1308 4217 1389 4284 geum

272 4314 506 4396 discrepantiae
534 4334 591 4395 per
619 4312 809 4376 Vrbiuatem
839 4312 993 4377 latissime
1025 4317 1131 4396 patet,
1164 4337 1230 4378 non
1262 4309 1388 4378 connino
