2954 5134
340 385 600 436 enononoarvu
623 385 907 436 vrnnoaoaausn.
1131 371 1194 436 579

73 561 100 622 p.
115 537 201 622 nn:
222 539 297 602 item
313 539 505 603 Demetrii
527 544 594 604 τῶν
609 539 634 606 Ζ’
650 544 764 622 <opitu
787 541 1020 620 ἀποφθέγματα
1043 539 1119 603 ibid.
1137 539 1194 604 79:

72 648 157 710 latius
187 648 289 731 patuit
321 649 388 713 eius
420 648 595 730 industria,
630 649 684 734 qui
721 653 849 732 praeter
883 649 1194 728 ἀπομνημονεύματα

71 779 156 841 supra
175 762 349 823 memorata
371 758 469 822 etiam
491 759 780 840 ἀποφθέγματα
809 757 917 822 dedita
940 781 1036 842 opera
1060 759 1194 824 collecta

71 867 174 950 edidit,
196 868 341 952 Lyncei
362 865 477 933 Samii:
501 868 589 932 cuius
613 868 803 952 aliquotiens
826 870 867 932 ab
883 869 1051 933 Athenaeo
1072 869 1194 934 mentio

70 977 155 1040 facta.
184 977 251 1042 Nec
272 983 382 1042 tamen
404 978 439 1042 in
460 978 522 1042 hac
544 978 753 1061 inscriptione
770 979 850 1042 fines
866 978 1079 1041 substitenmt
1100 977 1193 1042 huius

70 1088 200 1168 generis:
223 1088 379 1170 imprimis
395 1089 480 1152 enim
496 1087 557 1152 huc
573 1087 738 1170 pertinent
760 1087 788 1151 ei
810 1087 895 1170 libri,
919 1087 1032 1172 quibus
1055 1087 1194 1152 indicem

68 1195 199 1261 fecerunt
220 1202 357 1278 χρεῖαι.
401 1197 491 1273 Quod
514 1197 639 1282 quidem
666 1219 783 1262 nomen
806 1219 867 1282 quo
890 1198 1005 1278 valeat,
1031 1197 1193 1262 commode

68 1305 251 1392 intellegitur
274 1329 313 1370 ex
335 1307 549 1392 Hermogenis
571 1290 744 1392 Progymn.
769 1309 833 1372 c.3
855 1330 886 1391 p.
907 1309 945 1372 13
962 1307 1081 1372 Walz.:
1104 1308 1194 1388 χρεία

67 1417 138 1481 teda
159 1419 431 1498 ἀπομνημόνευμα
457 1419 558 1494 λόγου
585 1419 672 1483 τινόε
694 1419 714 1498 ἢ
736 1419 882 1497 πράξεως
904 1419 924 1496 ἢ
947 1419 1193 1500 ευναμφοτέρου

68 1525 209 1606 εύντομον
237 1529 318 1608 ἔχον
345 1530 497 1606 δήλωανε
535 1528 648 1611 quibus
683 1527 879 1590 conveniunt
909 1527 1088 1610 Aphthonii
1116 1525 1193 1591 Pro-

67 1655 162 1718 gymn.
185 1661 212 1702 e.
229 1639 250 1703 3
266 1660 299 1720 p.
315 1638 357 1701 62
378 1638 473 1701 haec:
496 1639 585 1718 χρεία
607 1637 880 1716 ἀπομνημόνευμα
902 1637 1061 1716 <turonos
1084 1637 1192 1704 eucro-

66 1767 121 1823 γωε
146 1748 199 1812 ἐπί
224 1770 255 1813 τι
283 1749 461 1828 πρόςωπον
489 1747 713 1842 ἀναφέρουεα,
749 1747 887 1831 itemque
918 1745 1059 1810 Theonis
1096 1747 1192 1810 verba

66 1852 148 1939 Prog.
171 1877 197 1920 c.
220 1857 242 1922 5
265 1879 297 1940 p.
321 1857 399 1921 201:
426 1859 583 1924 tdvrovcc
605 1857 766 1940 ἀπόφαειε
788 1859 808 1936 ἢ
830 1861 941 1937 πρᾶξις
964 1857 1191 1938 ἀναφερομένη

65 1967 125 2040 μετ’
146 1967 309 2048 εὐετοχία(
336 1967 382 2033 εἴ(
403 1989 431 2032 τι
454 1968 631 2048 ὼρπμένον
659 1969 836 2048 πρόςωπον
858 1970 878 2046 ἢ
901 1967 1086 2043 ἀναλογοῦν
1114 1988 1192 2047 προ-

65 2075 158 2160 (daun
200 2076 274 2140 Nisi
297 2075 396 2160 quod,
426 2097 521 2161 quam
548 2077 726 2141 rhetoricae
749 2076 897 2160 magistri
920 2077 1005 2140 inter
1026 2077 1136 2157 χρείαν
1159 2081 1192 2140 et

65 2184 242 2266 ἀπόφθεγμα
265 2186 463 2250 intercedere
478 2186 697 2250 diversitatem
718 2179 874 2268 statuimt,
899 2207 937 2248 ea
952 2185 1078 2268 quidem
1094 2186 1191 2248 solius

64 2295 132 2357 artis
153 2301 285 2360 estnec
307 2296 341 2359 in
364 2297 421 2360 hos
444 2301 549 2378 potest
573 2297 743 2380 scriptores
760 2295 1003 2376 accommodari,
1027 2295 1081 2377 qni
1103 2295 1192 2358 nullo

64 2408 230 2488 argumenti
260 2406 444 2469 discrimine
474 2407 523 2469 vel
552 2407 785 2487 ἀποφθέγματα
807 2406 855 2468 vel
881 2405 986 2485 χρεία(
1010 2425 1190 2487 composue-

63 2518 136 2578 mnt.
179 2517 228 2581 Ae
256 2515 491 2580 nobilissimum
524 2517 558 2580 in
588 2516 646 2578 hoe
675 2537 792 2596 genere
825 2515 1001 2597 exemplum
1036 2515 1126 2577 novit
1159 2519 1191 2577 et

63 2625 200 2690 tractavit
237 2627 445 2708 Athenaeus,
483 2626 629 2689 iambicis
665 2625 809 2688 versibus
848 2624 1046 2707 conscriptas
1082 2625 1190 2703 χρεία(

63 2731 253 2799 Machanis
285 2737 396 2800 cornici
426 2739 550 2818 poet-ae.
596 2737 703 2802 Secnti
733 2739 808 2798 sunt
836 2735 1017 2817 philosophi
1041 2735 1188 2797 Aristo·

62 2843 152 2906 telos.
167 2851 199 2908 et
215 2845 469 2928 Aristippus,
494 2867 625 2928 quornm
641 2845 733 2910 huius
757 2845 790 2908 in
813 2844 940 2926 scriptis
964 2844 1060 2906 etiam
1083 2845 1189 2923 χρεία(

62 2949 208 3036 Diogenes
231 2954 275 3036 Π,
300 2953 341 3019 85
363 2955 471 3036 refert,
496 2977 533 3018 ex
557 2955 641 3019 illius
665 2961 770 3017 autem
793 2955 911 3034 χρείαιε
934 2952 1076 3034 Gelonis,
1101 2954 1189 3016 Ana-

62 3061 168 3144 xarchi,
202 3064 349 3146 Gorgos,
378 3065 468 3146 Lasi,
502 3064 740 3146 Demosthenis,
776 3063 929 3144 Zenonis,
962 3063 1187 3142 Anacreontis,

62 3170 207 3258 Alexidis,
245 3173 387 3252 (animae
416 3173 688 3256 apophthegmata
717 3174 872 3236 Stobaens
906 3172 1048 3255 protulit.
1095 3171 1187 3236 Prac-

60 3281 135 3344 terea
155 3287 220 3346 tres
245 3285 317 3363 περὶ
340 3289 457 3363 χρειῶν
480 3285 648 3365 scriptores
672 3284 837 3366 usurpavit
855 3283 1014 3364 Diogenes
1033 3284 1186 3362 latentius,

59 3387 295 3458 Hecatonem
330 3393 486 3474 Stoicum,
522 3393 751 3456 hletroclenr
784 3393 954 3474 opidano,
995 3389 1187 3454 Zenonem

59 3501 229 3568 ditionem.
269 3502 410 3578 Quorum
434 3503 486 3565 hic
508 3503 662 3584 (tratetis,
693 3503 774 3565 alter
795 3501 949 3582 Diogenis
978 3501 1089 3584 Cynici
1113 3523 1186 3584 apo·

59 3607 222 3696 phthegma
250 3613 400 3696 praebuit
423 3611 485 3694 VI,
514 3615 564 3675 ill.
597 3614 652 3676 33:
690 3612 814 3674 llceato
838 3615 943 3673 autem
971 3611 1185 3689 Antisthenis,

59 3714 210 3806 Diogenis,
228 3722 404 3804 MetrocliS,
428 3721 577 3802 Zenonis,
602 3721 766 3786 Cleanthis
781 3721 836 3784 lib.
859 3719 911 3802 VI,
927 3721 958 3784 4.
977 3721 1028 3784 32.
1046 3723 1097 3784 95.
1112 3720 1184 3802 Vll,
1197 3735 1237 3785 ,111

58 3825 84 3889 2.
108 3829 156 3894 26.
188 3832 260 3897 172.
312 3832 431 3906 Quibus
460 3831 623 3894 addendae
656 3831 792 3913 deniqne
826 3852 842 3893 e
876 3829 1012 3894 Stobaeo
1048 3829 1186 3892 Dionis

57 3941 157 4012 χρεῖαι.
201 3941 271 4005 Nec
298 3944 407 4004 tamen
436 3942 483 4006 vel
513 3942 652 4004 eiusdem
680 3941 764 4002 illius
793 3939 967 4002 Hecatonis
992 3939 1041 4002 vol
1065 3938 1185 4000 Aristo-

59 4043 107 4107 clis
127 4051 294 4130 παράδοξα
316 4050 378 4114 huc
406 4051 571 4132 pertinent
593 4073 609 4114 e
633 4051 777 4130 Diogene
801 4049 879 4130 Vll,
907 4047 966 4111 124
994 4053 1025 4111 et
1049 4049 1185 4110 Stobaeo

58 4151 160 4238 LXIV,
184 4161 236 4224 37.

132 4266 192 4364 Sed
219 4271 270 4332 est
298 4268 361 4332 alia
389 4273 555 4352 praeterea
583 4269 750 4352 inscriptio
779 4268 951 4352 quaedam,
981 4267 1084 4352 magis
1114 4289 1185 4332 cum

59 4367 110 4435 hoc
129 4375 163 4438 in
184 4399 246 4461 qno
269 4400 432 4442 versamur
455 4401 573 4463 genere
597 4379 777 4442 coniuncta.
808 4378 939 4441 Etenim
954 4379 1185 4458 ὁμοιώματα

919 4480 984 4544 37*
