2982 5146
345 373 392 420 DE
415 373 506 420 BlBL.
530 373 635 420 Anax.
659 373 702 418 BT
724 371 939 420 PlSlSTRA'l'O.
1153 355 1212 416 143

67 525 200 589 studiis:
227 547 303 589 nam
331 524 370 589 de
398 525 608 610 Pergamenis
636 525 742 588 dicere
770 545 856 588 nunc
885 523 965 586 nihil
994 523 1121 586 attinet.
1173 523 1211 586 ln

66 659 129 720 quo
145 635 222 700 illud
237 658 335 700 unum
351 636 514 718 miramur,
530 637 624 720 quod,
641 657 712 699 cum
727 657 792 699 una
805 655 946 719 quaeque
962 655 1014 698 ars
1030 655 1048 696 a
1063 633 1212 698 tenuibus

67 769 182 810 exorsa
209 747 310 810 initiis
339 746 506 830 paullatim
535 746 733 810 incrementa
761 745 898 828 ceperit,
928 745 990 807 ista
1013 745 1138 828 quidem
1161 744 1212 808 lit·

67 861 210 920 terarum
251 857 387 922 historia
429 856 656 940 propemodum
694 855 802 919 adulta
840 855 874 918 in
911 855 980 938 ipso
1017 854 1212 918 tlallimacho

68 971 214 1050 apparet.
245 967 326 1030 Tam
348 967 435 1030 enim
457 967 644 1051 magnifice,
669 965 917 1048 necimmerito,
942 964 980 1028 de
996 965 1212 1028 tlalliumchea

67 1099 166 1161 opera
180 1078 215 1142 in
236 1077 463 1162 permetiendis
485 1099 672 1162 graecarum
688 1076 867 1140 litterarum
890 1075 1003 1158 spatiis
1026 1076 1129 1158 posita
1146 1077 1213 1159 ipse

69 1187 295 1271 Bernhardyus
328 1187 481 1252 iudicavit
509 1187 593 1252 Hist.
623 1187 685 1251 litt.
714 1208 763 1271 gr.
793 1186 807 1250 I
836 1209 867 1270 p.
900 1187 970 1250 134.
1021 1186 1139 1262 Quodsi
1172 1187 1213 1251 ab

67 1299 129 1362 ista
152 1299 322 1362 miratione
345 1297 480 1382 profecti
504 1297 640 1382 vestigia
664 1295 1094 1380 circmnspicimus'eiusdem
1116 1297 1212 1361 studii

69 1409 157 1492 prius
178 1409 243 1472 iam
266 1409 351 1472 inter
367 1408 604 1472 Alexandrinos
627 1407 867 1488 subnascentis,
891 1407 1064 1472 deserimur
1081 1429 1156 1472 ecce
1179 1409 1212 1472 in

71 1519 310 1602 Lycophronem
325 1519 568 1582 (inaleidensem
584 1519 655 1598 περὶ
670 1519 837 1602 κωμῳδία(
852 1517 1055 1602 scriptorem,
1080 1541 1213 1603 errorque

69 1630 129 1712 ipsi
154 1629 362 1694 Eratostheni
386 1629 550 1712 cognitum
574 1631 606 1691 et
628 1629 670 1691 ab
692 1628 768 1708 hoc,
792 1632 829 1691 ut
850 1629 1003 1712 exemplis
1026 1633 1099 1712 post
1117 1628 1211 1694 Heni-

69 1740 263 1804 sterhusium
278 1739 312 1803 in
328 1738 412 1802 Plut.
430 1761 461 1823 p.
479 1739 542 1803 470
557 1737 684 1802 Schaef.
702 1761 721 1801 a
737 1738 898 1802 hlainekio
921 1738 1005 1802 Hist.
1029 1739 1100 1803 crit.
1124 1763 1155 1823 p.
1176 1742 1214 1804 10

70 1849 254 1934 compositis
280 1849 496 1934 intellegitur,
531 1870 596 1912 non
630 1869 702 1912 raro
730 1853 907 1912 correctum
935 1849 986 1912 vel
1019 1850 1211 1934 suppletum.

69 1959 187 2034 Quodsi
211 1960 345 2024 eundern
368 1959 608 2043 Lycophronem
637 1959 701 2022 iam
724 1958 897 2042 accipimus
925 1959 1045 2043 scripta
1068 1961 1212 2044 exempla
1231 1983 1245 2022 ⁸.

71 2071 210 2134 conrieae
232 2071 352 2154 poesis,
381 2091 439 2152 per
463 2069 677 2133 bibliothecae
706 2069 945 2133 Alexandrinae
974 2070 1087 2134 horrea
1116 2072 1213 2135 etiam

70 2187 135 2244 turn
163 2181 315 2262 disiecta,
343 2181 378 2242 in
407 2201 503 2244 unum
533 2179 700 2262 collegisse
732 2183 764 2242 91
793 2179 827 2242 in
860 2179 1003 2243 ordinem
1037 2181 1212 2264 redegisse:

70 2291 142 2374 quid
170 2311 289 2375 quaeso
315 2290 421 2374 magis
448 2293 554 2373 potest
576 2290 625 2354 vel
654 2288 772 2352 rationi
794 2311 863 2350 esse
890 2295 1140 2354 consentaneum
1164 2295 1213 2355 vel

71 2401 251 2484 appositum
280 2403 319 2464 ad
347 2399 601 2484 persuasionem,
637 2421 732 2483 quam
766 2403 801 2462 ut
834 2399 926 2462 huius
960 2401 1058 2482 ipsios
1091 2403 1213 2484 negotii

71 2513 212 2575 rationes
234 2510 407 2576 reddiderit
436 2515 469 2574 et
490 2509 664 2574 studiorum
688 2531 815 2574 surorum
838 2509 1029 2574 eenriconrm
1051 2515 1214 2595 tamquam

72 2643 226 2686 summam
254 2621 532 2704 comprehenderit
559 2620 623 2684 illis
651 2619 695 2683 de
724 2619 924 2683 comoedia
952 2623 1214 2686 commentariis?

73 2731 109 2794 de
140 2753 205 2816 quo
238 2753 366 2815 prorsus
394 2729 472 2794 mihi
504 2751 575 2794 cum
608 2729 770 2794 Meinekio
804 2731 963 2794 convenit.
1015 2731 1074 2794 llis
1108 2737 1214 2796 autem

74 2842 310 2906 commentariis
342 2840 423 2906 nihil
456 2841 591 2924 impedit
622 2841 790 2924 quominus
823 2840 887 2904 alia
920 2841 1036 2922 multa,
1071 2842 1110 2904 ad
1144 2844 1215 2926 ipsa

75 2953 166 3016 verba
197 2957 229 3016 et
257 2951 434 3016 sententias
461 2951 659 3035 quorundam
686 2954 852 3033 poetarum
879 2951 1099 3014 fabularumve
1127 2975 1215 3034 spee-

74 3063 174 3126 tantia
205 3062 258 3146 (de
285 3061 434 3143 Gratiae,
463 3060 671 3142 pherecrate,
702 3060 929 3144 Aristophanis
957 3061 1089 3146 Vespis,
1119 3061 1213 3144 Pace,

75 3171 181 3256 Pluto,
211 3171 548 3256 Thesmophoriazusis
575 3175 728 3234 testatum
757 3170 925 3256 habemus)
959 3173 1051 3236 docte
1080 3178 1112 3237 91
1144 3175 1214 3237 sub·

75 3282 170 3347 tiliter
194 3283 359 3346 miscuisse
382 3281 546 3346 credatur:
575 3281 750 3365 taliumque
772 3283 1024 3347 recordationem
1047 3284 1079 3346 in
1104 3307 1215 3348 caussa

74 3392 168 3456 tuisse
199 3393 294 3456 lacile
322 3393 499 3476 suspicere,
530 3413 586 3456 cur
612 3413 652 3454 ne
681 3393 882 3472 tropaeam<
909 3393 1036 3476 quidem
1057 3395 1146 3458 notio
1174 3395 1215 3458 ab

75 3501 156 3566 illius
185 3525 322 3586 persona
344 3506 522 3584 arceretur,
551 3505 584 3564 et
611 3523 686 3566 vero
714 3502 849 3586 quodam
870 3503 963 3566 modo
986 3505 1019 3566 in
1042 3525 1113 3567 eum
1142 3527 1214 3568 con-

76 3613 207 3678 veniret.
253 3613 345 3676 Conf.
370 3611 580 3676 Fritzschium
603 3611 637 3675 in
659 3612 888 3697 Thesmophor.
913 3637 943 3697 p.
967 3615 1040 3678 208.

156 3724 265 3788 Tanta
299 3722 510 3808 coagmentis
540 3722 735 3788 diversorum
768 3722 807 3786 de
836 3723 1044 3807 Lycophrona
1075 3726 1216 3790 testimo-

77 3833 199 3898 niorum
226 3853 334 3898 nonne
362 3833 457 3896 fidem
483 3831 579 3912 facit,
611 3833 739 3896 veritati
768 3855 832 3896 non
867 3834 971 3898 minus
1000 3841 1216 3900 consentanea

77 3964 112 4006 ea
127 3965 213 4026 esse,
235 3965 315 4027 quae
331 3965 402 4007 eum
418 3942 482 4006 illis
498 3941 759 4006 coniunctissima
775 3943 858 4007 idem
874 3943 1041 4008 Plautinus
1058 3947 1216 4029 interpres

78 4053 231 4118 tradidit?
273 4057 340 4118 Aut
367 4053 453 4117 euim
480 4052 532 4114 hic
556 4074 631 4116 casu
659 4057 784 4117 tanturn
813 4053 852 4117 de
875 4055 1082 4139 Lycophrone
1111 4055 1142 4118 id
1168 4061 1217 4120 est

80 4161 295 4246 halucinatus,
329 4162 413 4247 quod
440 4183 568 4246 prorsus
598 4163 726 4227 aliunde
753 4165 862 4248 petitis
888 4166 1085 4248 argumentis
1108 4188 1216 4230 verum

80 4274 297 4356 cognovimus:
330 4273 413 4359 quod
442 4295 535 4336 nemo
563 4295 628 4336 non
656 4273 743 4338 videt
775 4297 869 4358 quarn
897 4275 940 4338 sit
966 4276 1080 4340 minim
1109 4281 1142 4340 et
1169 4278 1216 4342 iu-

81 4383 241 4447 credibile:
265 4387 321 4446 aut
342 4383 440 4446 etiam
454 4383 576 4467 reliqua
591 4384 652 4447 sibi
675 4385 761 4448 credi
775 4385 897 4449 tamdiu
912 4386 1049 4467 iubebit,
1066 4388 1216 4472 quamdiu
