3052 5136
302 319 365 381 694
638 332 684 377 nn
709 331 863 378 irnunrro
888 329 1110 377 rursrouooo

302 486 449 549 dleletius
472 485 557 547 haud
580 484 658 547 adeo
681 483 789 566 paucis
812 484 930 565 utitur,
955 483 1096 565 privatos
1119 481 1255 546 diceret:
1291 504 1342 545 uos
1361 483 1412 564 qui·

302 596 374 659 dem
402 596 442 657 ab
471 594 611 657 eiusdem
639 593 745 656 Petrei
772 593 960 676 integritate
989 614 1088 675 prope
1116 593 1228 656 abesse
1256 592 1328 654 alios
1354 592 1414 653 drus

304 705 426 770 codices
447 703 673 767 intellexinnrs,
705 703 845 778 Quorum
861 703 943 765 alter
958 702 1160 766 Monacensis
1177 706 1225 766 est
1241 725 1272 766 n.
1289 701 1414 773 xxiii,

304 816 385 878 alter
409 813 639 879 Oracoviensis.
678 813 721 876 Et
744 813 837 876 huius
860 813 986 896 quidem
1008 812 1070 876 duo
1093 813 1249 896 exempla,
1273 812 1416 875 alteuima

304 924 457 1008 Schugtio
490 924 692 989 Oracoviensi
726 927 801 986 ante
834 923 951 1007 viginti
986 926 1018 985 et
1051 922 1135 1005 quod
1168 922 1306 985 excurrit
1337 942 1416 984 annos

303 1035 543 1118 transcriptum,
569 1033 704 1096 alterrun
720 1056 738 1096 a
754 1055 787 1095 se
808 1033 914 1115 parari
938 1033 1058 1096 iussum
1073 1032 1298 1114 Vratislaviae,
1319 1053 1416 1113 magna

304 1145 383 1208 mihi
412 1167 482 1208 cum
510 1143 690 1206 reverentia
718 1143 932 1205 nominandus
961 1143 1084 1227 collega
1111 1142 1252 1206 Derides
1280 1141 1417 1206 schulzio

304 1255 505 1338 possidebat,
531 1253 584 1335 qui
608 1275 679 1316 curn
703 1252 741 1315 de
765 1252 886 1316 edendo
908 1253 1038 1316 Meletio
1065 1253 1205 1336 aliquam
1228 1252 1283 1314 diu
1302 1251 1362 1334 ipse
1381 1271 1418 1312 eo

304 1365 457 1448 gitasset,
482 1363 606 1426 abiecto
629 1362 794 1446 postmodo
818 1383 854 1425 eo
878 1363 1020 1445 consilio,
1044 1362 1127 1425 forte
1150 1367 1257 1449 autem
1280 1362 1357 1424 inter
1374 1382 1419 1422 uos

305 1475 423 1537 iniecto
446 1473 485 1536 de
500 1473 630 1536 Meletio
646 1494 801 1554 sermone,
826 1477 958 1556 quaest
980 1473 1095 1536 eximia
1119 1473 1151 1536 in
1175 1495 1234 1536 nos
1257 1471 1419 1535 benevolen-

305 1585 351 1647 tia
376 1605 502 1646 ornnem
525 1605 618 1666 quern
640 1583 845 1666 inpromptu
868 1583 1008 1646 habebat
1031 1585 1096 1646 eius
1120 1583 1235 1646 edendi
1257 1585 1420 1665 appamtun

306 1694 398 1758 uobis
422 1716 454 1757 se
478 1715 639 1756 cessurum
664 1692 871 1777 significavit.
903 1693 1095 1776 Accepimus
1116 1693 1334 1757 liberalissime
1353 1690 1420 1754 obla·

305 1808 374 1868 tum
390 1807 422 1866 ct
437 1825 494 1886 per
509 1803 708 1866 academicus
724 1803 982 1886 opportunitates
998 1804 1195 1868 decrevimus
1214 1825 1285 1867 eum
1301 1803 1342 1865 eis
1355 1822 1420 1864 corn-

305 1914 484 1995 manicare,
514 1912 541 1975 si
564 1935 696 1996 quorum
718 1913 887 1976 interesset
916 1915 982 1976 sive
1003 1914 1264 1997 physiologorum
1289 1913 1349 1976 sive
1367 1910 1420 1993 phi·

308 2024 501 2106 lolegorum,
526 2023 560 2085 in
583 2022 631 2085 his
654 2023 791 2086 maxime
813 2024 1127 2108 lexicographorum,
1151 2026 1261 2108 graeci
1283 2019 1421 2104 scriptoris

307 2132 569 2198 commentarium
593 2154 708 2216 graece
730 2133 946 2216 potiusquam
968 2135 1067 2197 latine
1083 2135 1200 2217 legere.
1231 2134 1330 2208 Quam
1344 2131 1422 2215 iginu

218 2318 224 2330 ,
306 2265 392 2307 nunc
426 2243 663 2326 properavimus
694 2243 798 2326 magis
825 2266 919 2326 quam
946 2245 1165 2307 accuravimus
1189 2245 1320 2327 quartae
1343 2241 1422 2304 ferne

305 2353 407 2437 partis
427 2353 609 2434 editionem,
628 2353 883 2416 testimoniorum
900 2354 1027 2436 quidem
1044 2376 1082 2417 ex
1100 2354 1331 2437 antiquioribus
1344 2349 1420 2429 scrip

306 2463 427 2526 toribus
445 2463 664 2545 excitatorum,
683 2463 709 2526 si
726 2485 796 2526 cum
813 2463 943 2547 reliquis
958 2464 1103 2547 partibus
1117 2467 1328 2546 comparatur,
1343 2459 1421 2522 multo

306 2574 428 2636 minore
450 2573 631 2654 frequentia
655 2574 905 2654 commendatae,
930 2573 997 2636 eius
1017 2573 1101 2637 hanc
1117 2595 1186 2636 esse
1208 2575 1358 2636 rationem
1377 2567 1421 2631 sci·

307 2683 423 2746 endum
446 2686 503 2764 est,
521 2685 572 2764 ut,
597 2682 659 2745 nisi
674 2683 729 2745 ubi
746 2683 864 2766 aliquid
880 2686 1037 2747 mutatum
1053 2684 1139 2747 infra
1160 2685 1267 2766 posita
1283 2677 1421 2746 adnotatio

307 2797 453 2873 testetur,
479 2813 495 2855 e
519 2791 737 2856 Cracoviensis
761 2793 834 2856 libri
857 2793 918 2856 fide
941 2793 1196 2877 pependerimuS,
1220 2793 1317 2856 tacite
1337 2793 1420 2853 auten

307 2926 344 2965 ea
367 2907 494 2965 tanturn
519 2903 744 2965 correxerimus
752 2953 761 2984 ,
792 2925 872 2985 (puae
903 2903 1088 2967 emendasse
1110 2903 1230 2966 nullius
1252 2901 1361 2980 laudis,
1386 2901 1420 2959 iu·

307 3013 419 3076 scitiae
442 3012 492 3074 vel
516 3012 655 3075 levitatis
679 3016 761 3076 esset
784 3035 849 3075 non
873 3013 1067 3077 emendasse.
1112 3012 1228 3088 Qualia
1251 3033 1366 3096 prorsus
1385 3007 1420 3069 in·

308 3122 518 3185 numerabilia
559 3123 644 3184 velut
678 3122 717 3184 ad
751 3127 940 3186 accentuum
974 3123 1205 3207 spirituumque
1237 3122 1419 3186 notationem.

308 3232 347 3294 ad
381 3232 535 3295 orationis
569 3233 876 3315 interpunctionem,
913 3233 953 3296 ad
986 3234 1185 3317 singulorum
1222 3231 1419 3297 vocabulorum

309 3342 449 3425 ruleoque
478 3342 673 3424 syllaluirurn
700 3342 751 3404 vel
780 3342 1003 3407 discretionem
1031 3343 1081 3407 vel
1104 3343 1368 3421 conimrctionem,
1392 3335 1420 3398 al

309 3475 317 3516 ι
341 3452 512 3535 subscripti
544 3452 594 3515 vel
616 3474 634 3518 ν
657 3452 845 3536 paragogiei
874 3453 1065 3536 positionem
1087 3453 1327 3517 emissionemve
1347 3445 1419 3533 perti-

258 3587 290 3633 ·29
308 3566 403 3626 nent:
427 3585 488 3646 (quo
504 3562 537 3624 iu
557 3584 674 3646 genere
698 3565 763 3625 tarn
788 3563 935 3625 vitiosum
951 3563 1073 3627 dleletii
1087 3563 1231 3627 libellum
1254 3563 1420 3640 amboque

309 3677 437 3756 praesto
459 3673 590 3736 fuenrnt
613 3673 800 3755 apographa
824 3673 1047 3756 exhibuerunt,
1072 3677 1104 3736 et
1126 3673 1178 3736 vix
1203 3696 1241 3736 ac
1256 3695 1296 3737 ne
1312 3671 1357 3734 rix
1371 3665 1419 3749 qui-

308 3782 379 3845 dem
405 3783 560 3864 peccandi
584 3783 759 3865 periculum
782 3784 969 3865 typothetae
993 3784 1175 3868 effugerint.
1221 3783 1336 3846 Venmi
1355 3777 1419 3841 enirn

308 3915 382 3954 reru
411 3893 480 3976 ipso
503 3892 723 3956 cracoviensis
753 3893 850 3955 eodcx
881 3898 913 3956 et
940 3895 1125 3977 perhibetur
1148 3897 1180 3956 et
1204 3916 1262 3956 usu
1285 3885 1418 3972 cognovi·

309 4006 361 4064 tur
394 4003 471 4065 satis
507 4003 718 4087 neglegenter
754 4003 907 4086 scriptus,
945 4004 1091 4087 lectuque
1128 4006 1260 4088 propter
1287 4001 1418 4082 insipat

311 4113 569 4194 compendionrm
596 4112 832 4176 multitudinem
859 4113 1083 4177 difficillimus:
1106 4113 1190 4176 unde
1214 4109 1365 4176 excusatio
1386 4126 1418 4165 re

309 4222 447 4304 peteuda
477 4228 525 4286 est
552 4224 602 4286 rel
632 4224 736 4306 potius
770 4224 852 4286 ratio
886 4247 952 4287 non
984 4245 1159 4306 paucarum
1192 4219 1418 4287 emendationum

309 4337 500 4394 nostrarum.
533 4333 648 4407 Quodsi
673 4334 799 4416 saepius
822 4333 949 4416 singula
967 4334 1121 4398 vocabula
1144 4334 1253 4418 elapsa
1274 4326 1418 4414 deprehen·
