<?xml version="1.0" encoding="UTF-8"?>
<!DOCTYPE html PUBLIC "-//W3C//DTD XHTML 1.0 Transitional//EN"
    "http://www.w3.org/TR/xhtml1/DTD/xhtml1-transitional.dtd">
<html xmlns="http://www.w3.org/1999/xhtml" xml:lang="en" lang="en">
 <head>
  <title>
</title>
<meta http-equiv="Content-Type" content="text/html;charset=utf-8" />
  <meta name='ocr-system' content='tesseract 3.04.00' />
  <meta name='ocr-capabilities' content='ocr_page ocr_carea ocr_par ocr_line ocrx_word'/>
</head>
<body>
  <div class='ocr_page' id='page_1' title='image "./fridericiritsch04ritsgoog_0495.png"; bbox 0 0 2952 5132; ppageno 0'>
   <div class='ocr_carea' id='block_1_1' title="bbox 294 361 978 435">
    <p class='ocr_par' dir='ltr' id='par_1_1' title="bbox 294 361 978 435">
     <span class='ocr_line' id='line_1_1' title="bbox 294 361 978 435; baseline 0.012 -8"><span class='ocrx_word' id='word_1_1' title='bbox 294 361 356 428; x_wconf 83' lang='grc'>468</span> <span class='ocrx_word' id='word_1_2' title='bbox 762 385 809 432; x_wconf 84' lang='lat' dir='ltr'>nn</span> <span class='ocrx_word' id='word_1_3' title='bbox 829 384 978 435; x_wconf 80' lang='lat' dir='ltr'>nansrls</span> 
     </span>
    </p>
   </div>
   <div class='ocr_carea' id='block_1_2' title="bbox 284 534 1456 4028">
    <p class='ocr_par' dir='ltr' id='par_1_2' title="bbox 284 534 1456 4028">
     <span class='ocr_line' id='line_1_2' title="bbox 294 534 1396 625; baseline 0.005 -29"><span class='ocrx_word' id='word_1_4' title='bbox 294 556 365 597; x_wconf 89' lang='lat' dir='ltr'>mur</span> <span class='ocrx_word' id='word_1_5' title='bbox 393 534 624 618; x_wconf 77' lang='lat' dir='ltr'><strong>aliquantisper</strong></span> <span class='ocrx_word' id='word_1_6' title='bbox 653 558 718 599; x_wconf 92' lang='lat' dir='ltr'>non</span> <span class='ocrx_word' id='word_1_7' title='bbox 745 539 872 622; x_wconf 84' lang='grc' dir='ltr'>πρώτῃ,</span> <span class='ocrx_word' id='word_1_8' title='bbox 902 539 957 602; x_wconf 88' lang='lat' dir='ltr'>sed</span> <span class='ocrx_word' id='word_1_9' title='bbox 979 541 1103 625; x_wconf 82' lang='grc' dir='ltr'>πέμπτῃ</span> <span class='ocrx_word' id='word_1_10' title='bbox 1131 540 1182 603; x_wconf 81' lang='lat' dir='ltr'>vel</span> <span class='ocrx_word' id='word_1_11' title='bbox 1209 561 1396 624; x_wconf 83' lang='lat' dir='ltr'>quemcumque</span> 
     </span>
     <span class='ocr_line' id='line_1_3' title="bbox 294 645 1397 734; baseline 0.004 -26"><span class='ocrx_word' id='word_1_12' title='bbox 294 667 460 708; x_wconf 90' lang='lat' dir='ltr'>numerum</span> <span class='ocrx_word' id='word_1_13' title='bbox 483 645 620 708; x_wconf 90' lang='lat' dir='ltr'>volueris</span> <span class='ocrx_word' id='word_1_14' title='bbox 643 645 805 730; x_wconf 83' lang='lat' dir='ltr'>Euripidis</span> <span class='ocrx_word' id='word_1_15' title='bbox 827 649 1033 712; x_wconf 89' lang='lat' dir='ltr'>scholiastam</span> <span class='ocrx_word' id='word_1_16' title='bbox 1055 649 1207 732; x_wconf 82' lang='lat' dir='ltr'>posuisse.</span> <span class='ocrx_word' id='word_1_17' title='bbox 1241 651 1287 715; x_wconf 81' lang='lat' dir='ltr'>Iu</span> <span class='ocrx_word' id='word_1_18' title='bbox 1301 650 1397 734; x_wconf 90' lang='lat' dir='ltr'>quiden</span> 
     </span>
     <span class='ocr_line' id='line_1_4' title="bbox 294 755 1399 844; baseline 0.002 -27"><span class='ocrx_word' id='word_1_19' title='bbox 294 755 498 839; x_wconf 84' lang='lat' dir='ltr'>intellegisne</span> <span class='ocrx_word' id='word_1_20' title='bbox 521 760 675 840; x_wconf 88' lang='lat' dir='ltr'>quantum</span> <span class='ocrx_word' id='word_1_21' title='bbox 698 780 776 840; x_wconf 90' lang='lat' dir='ltr'>opus</span> <span class='ocrx_word' id='word_1_22' title='bbox 792 758 939 842; x_wconf 86' lang='lat' dir='ltr'>Marsyae</span> <span class='ocrx_word' id='word_1_23' title='bbox 962 759 1095 841; x_wconf 77' lang='lat' dir='ltr'>tribuae,</span> <span class='ocrx_word' id='word_1_24' title='bbox 1121 760 1209 823; x_wconf 89' lang='lat' dir='ltr'>cuius</span> <span class='ocrx_word' id='word_1_25' title='bbox 1224 761 1326 844; x_wconf 90' lang='lat' dir='ltr'>quinto</span> <span class='ocrx_word' id='word_1_26' title='bbox 1339 760 1399 823; x_wconf 83' lang='lat' dir='ltr'>libro</span> 
     </span>
     <span class='ocr_line' id='line_1_5' title="bbox 294 866 1399 954; baseline 0.004 -27"><span class='ocrx_word' id='word_1_27' title='bbox 294 866 466 928; x_wconf 89' lang='lat' dir='ltr'>secundum</span> <span class='ocrx_word' id='word_1_28' title='bbox 489 867 616 949; x_wconf 90' lang='lat' dir='ltr'>imperii</span> <span class='ocrx_word' id='word_1_29' title='bbox 631 889 752 931; x_wconf 92' lang='lat' dir='ltr'>annum</span> <span class='ocrx_word' id='word_1_30' title='bbox 766 868 943 931; x_wconf 81' lang='lat' dir='ltr'>Alexandri</span> <span class='ocrx_word' id='word_1_31' title='bbox 959 869 1135 954; x_wconf 78' lang='lat' dir='ltr'>adsignes?</span> <span class='ocrx_word' id='word_1_32' title='bbox 1155 873 1312 954; x_wconf 83' lang='lat' dir='ltr'>tamquam</span> <span class='ocrx_word' id='word_1_33' title='bbox 1324 870 1399 934; x_wconf 82' lang='lat' dir='ltr'>Theo</span> 
     </span>
     <span class='ocr_line' id='line_1_6' title="bbox 292 975 1400 1061; baseline 0.004 -24"><span class='ocrx_word' id='word_1_34' title='bbox 292 975 401 1059; x_wconf 90' lang='lat' dir='ltr'>pompi</span> <span class='ocrx_word' id='word_1_35' title='bbox 425 976 580 1059; x_wconf 81' lang='lat' dir='ltr'>exenrplo,</span> <span class='ocrx_word' id='word_1_36' title='bbox 605 1000 697 1061; x_wconf 88' lang='lat' dir='ltr'>quern</span> <span class='ocrx_word' id='word_1_37' title='bbox 721 1000 797 1041; x_wconf 89' lang='lat' dir='ltr'>sane</span> <span class='ocrx_word' id='word_1_38' title='bbox 820 980 965 1042; x_wconf 84' lang='lat' dir='ltr'>novimus</span> <span class='ocrx_word' id='word_1_39' title='bbox 993 979 1126 1042; x_wconf 86' lang='lat' dir='ltr'>totidem</span> <span class='ocrx_word' id='word_1_40' title='bbox 1154 980 1243 1044; x_wconf 82' lang='lat' dir='ltr'>libris</span> <span class='ocrx_word' id='word_1_41' title='bbox 1268 981 1400 1044; x_wconf 81' lang='lat' dir='ltr'>biennium</span> 
     </span>
     <span class='ocr_line' id='line_1_7' title="bbox 292 1086 1401 1173; baseline -0.001 -24"><span class='ocrx_word' id='word_1_42' title='bbox 292 1086 466 1170; x_wconf 87' lang='lat' dir='ltr'>Philippici</span> <span class='ocrx_word' id='word_1_43' title='bbox 488 1089 580 1170; x_wconf 82' lang='lat' dir='ltr'>regni</span> <span class='ocrx_word' id='word_1_44' title='bbox 604 1088 817 1170; x_wconf 82' lang='lat' dir='ltr'>complexum:</span> <span class='ocrx_word' id='word_1_45' title='bbox 842 1088 882 1152; x_wconf 90' lang='lat' dir='ltr'>cf.</span> <span class='ocrx_word' id='word_1_46' title='bbox 900 1088 1115 1152; x_wconf 87' lang='lat' dir='ltr'>Wichersium</span> <span class='ocrx_word' id='word_1_47' title='bbox 1130 1113 1161 1173; x_wconf 93' lang='lat' dir='ltr'>p.</span> <span class='ocrx_word' id='word_1_48' title='bbox 1175 1091 1226 1154; x_wconf 82' lang='lat'>26.</span> <span class='ocrx_word' id='word_1_49' title='bbox 1258 1089 1303 1153; x_wconf 85' lang='lat' dir='ltr'>Ex</span> <span class='ocrx_word' id='word_1_50' title='bbox 1316 1095 1401 1152; x_wconf 83' lang='lat' dir='ltr'>tantae</span> 
     </span>
     <span class='ocr_line' id='line_1_8' title="bbox 293 1196 1402 1282; baseline 0.001 -24"><span class='ocrx_word' id='word_1_51' title='bbox 293 1199 400 1259; x_wconf 91' lang='lat' dir='ltr'>autem</span> <span class='ocrx_word' id='word_1_52' title='bbox 424 1196 643 1278; x_wconf 78' lang='lat' dir='ltr'>amplitudinis</span> <span class='ocrx_word' id='word_1_53' title='bbox 668 1199 903 1261; x_wconf 88' lang='lat' dir='ltr'>commentariis</span> <span class='ocrx_word' id='word_1_54' title='bbox 927 1199 1185 1263; x_wconf 73' lang='lat' dir='ltr'>luculentissimis</span> <span class='ocrx_word' id='word_1_55' title='bbox 1210 1205 1329 1282; x_wconf 86' lang='lat' dir='ltr'>praeter</span> <span class='ocrx_word' id='word_1_56' title='bbox 1346 1221 1402 1281; x_wconf 83' lang='lat' dir='ltr'>puu-</span> 
     </span>
     <span class='ocr_line' id='line_1_9' title="bbox 293 1306 1402 1389; baseline -0.002 -20"><span class='ocrx_word' id='word_1_57' title='bbox 293 1306 419 1369; x_wconf 89' lang='lat' dir='ltr'>cissima</span> <span class='ocrx_word' id='word_1_58' title='bbox 442 1306 598 1389; x_wconf 88' lang='lat' dir='ltr'>quaedam</span> <span class='ocrx_word' id='word_1_59' title='bbox 627 1312 659 1371; x_wconf 88' lang='lat' dir='ltr'>et</span> <span class='ocrx_word' id='word_1_60' title='bbox 686 1308 874 1372; x_wconf 87' lang='lat' dir='ltr'>tenuissima</span> <span class='ocrx_word' id='word_1_61' title='bbox 901 1308 1040 1372; x_wconf 86' lang='lat' dir='ltr'>frustula</span> <span class='ocrx_word' id='word_1_62' title='bbox 1068 1309 1150 1372; x_wconf 92' lang='lat' dir='ltr'>nihil</span> <span class='ocrx_word' id='word_1_63' title='bbox 1179 1313 1330 1373; x_wconf 77' lang='lat' dir='ltr'>seruatum</span> <span class='ocrx_word' id='word_1_64' title='bbox 1352 1329 1402 1370; x_wconf 73' lang='lat' dir='ltr'>ase</span> 
     </span>
     <span class='ocr_line' id='line_1_10' title="bbox 293 1416 1404 1499; baseline -0.001 -21"><span class='ocrx_word' id='word_1_65' title='bbox 293 1417 401 1479; x_wconf 86' lang='lat' dir='ltr'>eredat</span> <span class='ocrx_word' id='word_1_66' title='bbox 423 1417 475 1499; x_wconf 88' lang='lat' dir='ltr'>qui</span> <span class='ocrx_word' id='word_1_67' title='bbox 499 1420 615 1499; x_wconf 89' lang='lat' dir='ltr'>potest.</span> <span class='ocrx_word' id='word_1_68' title='bbox 665 1416 784 1480; x_wconf 87' lang='lat' dir='ltr'>Verum</span> <span class='ocrx_word' id='word_1_69' title='bbox 808 1418 990 1481; x_wconf 86' lang='lat' dir='ltr'>enimvero</span> <span class='ocrx_word' id='word_1_70' title='bbox 1013 1418 1123 1483; x_wconf 86' lang='lat' dir='ltr'>audire</span> <span class='ocrx_word' id='word_1_71' title='bbox 1151 1418 1292 1482; x_wconf 74' lang='lat' dir='ltr'>videmtu</span> <span class='ocrx_word' id='word_1_72' title='bbox 1317 1421 1404 1481; x_wconf 81' lang='lat' dir='ltr'>contra</span> 
     </span>
     <span class='ocr_line' id='line_1_11' title="bbox 291 1527 1404 1611; baseline 0 -23"><span class='ocrx_word' id='word_1_73' title='bbox 291 1527 518 1610; x_wconf 88' lang='lat' dir='ltr'>disputantem.</span> <span class='ocrx_word' id='word_1_74' title='bbox 570 1527 651 1602; x_wconf 80' lang='lat' dir='ltr'>Quid</span> <span class='ocrx_word' id='word_1_75' title='bbox 680 1528 781 1610; x_wconf 88' lang='lat' dir='ltr'>enim,</span> <span class='ocrx_word' id='word_1_76' title='bbox 812 1527 837 1590; x_wconf 89' lang='lat' dir='ltr'>si</span> <span class='ocrx_word' id='word_1_77' title='bbox 867 1550 1023 1592; x_wconf 89' lang='lat' dir='ltr'>annorum</span> <span class='ocrx_word' id='word_1_78' title='bbox 1050 1529 1161 1591; x_wconf 89' lang='lat' dir='ltr'>ordine</span> <span class='ocrx_word' id='word_1_79' title='bbox 1189 1528 1349 1611; x_wconf 87' lang='lat' dir='ltr'>discriptas</span> <span class='ocrx_word' id='word_1_80' title='bbox 1370 1547 1404 1588; x_wconf 77' lang='lat' dir='ltr'>re</span> 
     </span>
     <span class='ocr_line' id='line_1_12' title="bbox 290 1637 1403 1720; baseline -0.001 -21"><span class='ocrx_word' id='word_1_81' title='bbox 290 1658 428 1720; x_wconf 82' lang='lat' dir='ltr'>gumque</span> <span class='ocrx_word' id='word_1_82' title='bbox 456 1638 655 1700; x_wconf 80' lang='lat' dir='ltr'>successione</span> <span class='ocrx_word' id='word_1_83' title='bbox 686 1637 856 1720; x_wconf 88' lang='lat' dir='ltr'>dispositas</span> <span class='ocrx_word' id='word_1_84' title='bbox 886 1639 1097 1702; x_wconf 82' lang='lat' dir='ltr'>Macedonum</span> <span class='ocrx_word' id='word_1_85' title='bbox 1120 1637 1271 1702; x_wconf 78' lang='lat' dir='ltr'>historias</span> <span class='ocrx_word' id='word_1_86' title='bbox 1292 1659 1329 1701; x_wconf 90' lang='lat' dir='ltr'>ne</span> <span class='ocrx_word' id='word_1_87' title='bbox 1349 1657 1403 1699; x_wconf 82' lang='lat' dir='ltr'>con-</span> 
     </span>
     <span class='ocr_line' id='line_1_13' title="bbox 290 1745 1406 1830; baseline 0 -23"><span class='ocrx_word' id='word_1_88' title='bbox 290 1745 407 1809; x_wconf 77' lang='lat' dir='ltr'>diderit</span> <span class='ocrx_word' id='word_1_89' title='bbox 435 1747 560 1830; x_wconf 88' lang='lat' dir='ltr'>quidem</span> <span class='ocrx_word' id='word_1_90' title='bbox 590 1748 671 1810; x_wconf 92' lang='lat' dir='ltr'>alter</span> <span class='ocrx_word' id='word_1_91' title='bbox 699 1748 859 1830; x_wconf 80' lang='lat' dir='ltr'>Marsyas,</span> <span class='ocrx_word' id='word_1_92' title='bbox 889 1749 944 1811; x_wconf 89' lang='lat' dir='ltr'>sed</span> <span class='ocrx_word' id='word_1_93' title='bbox 972 1749 1132 1811; x_wconf 88' lang='lat' dir='ltr'>variarum</span> <span class='ocrx_word' id='word_1_94' title='bbox 1160 1770 1265 1812; x_wconf 90' lang='lat' dir='ltr'>rerum</span> <span class='ocrx_word' id='word_1_95' title='bbox 1287 1748 1323 1810; x_wconf 90' lang='lat' dir='ltr'>ad</span> <span class='ocrx_word' id='word_1_96' title='bbox 1343 1745 1406 1808; x_wconf 88' lang='lat' dir='ltr'>anti·</span> 
     </span>
     <span class='ocr_line' id='line_1_14' title="bbox 290 1851 1456 1942; baseline -0.002 -24"><span class='ocrx_word' id='word_1_97' title='bbox 290 1857 444 1938; x_wconf 86' lang='lat' dir='ltr'>quitates‚</span> <span class='ocrx_word' id='word_1_98' title='bbox 464 1879 582 1939; x_wconf 88' lang='lat' dir='ltr'>mores,</span> <span class='ocrx_word' id='word_1_99' title='bbox 607 1857 756 1920; x_wconf 90' lang='lat' dir='ltr'>instituta</span> <span class='ocrx_word' id='word_1_100' title='bbox 773 1857 981 1921; x_wconf 89' lang='lat' dir='ltr'>Macedonica</span> <span class='ocrx_word' id='word_1_101' title='bbox 1003 1859 1219 1942; x_wconf 83' lang='lat' dir='ltr'>spectantium</span> <span class='ocrx_word' id='word_1_102' title='bbox 1232 1857 1405 1942; x_wconf 84' lang='lat' dir='ltr'>farraginem</span> <span class='ocrx_word' id='word_1_103' title='bbox 1455 1851 1456 1860; x_wconf 69' lang='grc'>’</span> 
     </span>
     <span class='ocr_line' id='line_1_15' title="bbox 290 1965 1406 2051; baseline -0.002 -22"><span class='ocrx_word' id='word_1_104' title='bbox 290 1970 346 2029; x_wconf 90' lang='lat' dir='ltr'>aut</span> <span class='ocrx_word' id='word_1_105' title='bbox 361 1966 461 2030; x_wconf 91' lang='lat' dir='ltr'>libero</span> <span class='ocrx_word' id='word_1_106' title='bbox 480 1968 590 2030; x_wconf 91' lang='lat' dir='ltr'>ordine</span> <span class='ocrx_word' id='word_1_107' title='bbox 613 1970 669 2029; x_wconf 89' lang='lat' dir='ltr'>aut</span> <span class='ocrx_word' id='word_1_108' title='bbox 683 1989 837 2051; x_wconf 83' lang='lat' dir='ltr'>generum</span> <span class='ocrx_word' id='word_1_109' title='bbox 860 1968 1056 2051; x_wconf 88' lang='lat' dir='ltr'>quorundam</span> <span class='ocrx_word' id='word_1_110' title='bbox 1079 1968 1262 2032; x_wconf 86' lang='lat' dir='ltr'>discrimine</span> <span class='ocrx_word' id='word_1_111' title='bbox 1285 1965 1406 2051; x_wconf 85' lang='lat' dir='ltr'>disperti-</span> 
     </span>
     <span class='ocr_line' id='line_1_16' title="bbox 289 2076 1456 2164; baseline -0.003 -25"><span class='ocrx_word' id='word_1_112' title='bbox 289 2080 355 2139; x_wconf 87' lang='lat' dir='ltr'>tam</span> <span class='ocrx_word' id='word_1_113' title='bbox 380 2078 598 2161; x_wconf 77' lang='lat' dir='ltr'>congesserit?</span> <span class='ocrx_word' id='word_1_114' title='bbox 642 2076 726 2140; x_wconf 90' lang='lat' dir='ltr'>Nam</span> <span class='ocrx_word' id='word_1_115' title='bbox 749 2077 904 2160; x_wconf 86' lang='lat' dir='ltr'>profecto,</span> <span class='ocrx_word' id='word_1_116' title='bbox 928 2078 955 2140; x_wconf 89' lang='lat' dir='ltr'>si</span> <span class='ocrx_word' id='word_1_117' title='bbox 978 2079 1019 2141; x_wconf 91' lang='lat' dir='ltr'>ab</span> <span class='ocrx_word' id='word_1_118' title='bbox 1036 2078 1099 2142; x_wconf 91' lang='lat' dir='ltr'>illis</span> <span class='ocrx_word' id='word_1_119' title='bbox 1122 2077 1406 2164; x_wconf 65' lang='lat' dir='ltr'>fragmentisque</span> <span class='ocrx_word' id='word_1_120' title='bbox 1455 2107 1456 2112; x_wconf 18' lang='grc' dir='ltr'>κ</span> 
     </span>
     <span class='ocr_line' id='line_1_17' title="bbox 289 2186 1407 2274; baseline -0.002 -24"><span class='ocrx_word' id='word_1_121' title='bbox 289 2187 328 2250; x_wconf 90' lang='lat' dir='ltr'>ad</span> <span class='ocrx_word' id='word_1_122' title='bbox 353 2187 514 2250; x_wconf 90' lang='lat' dir='ltr'>Pellaeum</span> <span class='ocrx_word' id='word_1_123' title='bbox 536 2187 733 2270; x_wconf 81' lang='lat' dir='ltr'>rettulimus,</span> <span class='ocrx_word' id='word_1_124' title='bbox 757 2188 935 2269; x_wconf 87' lang='lat' dir='ltr'>recesseris,</span> <span class='ocrx_word' id='word_1_125' title='bbox 959 2187 1150 2271; x_wconf 88' lang='lat' dir='ltr'>reliquorum</span> <span class='ocrx_word' id='word_1_126' title='bbox 1173 2186 1407 2274; x_wconf 78' lang='lat' dir='ltr'>longemanum</span> 
     </span>
     <span class='ocr_line' id='line_1_18' title="bbox 289 2293 1456 2382; baseline -0.004 -22"><span class='ocrx_word' id='word_1_127' title='bbox 289 2320 362 2380; x_wconf 87' lang='lat' dir='ltr'>pars</span> <span class='ocrx_word' id='word_1_128' title='bbox 390 2298 457 2360; x_wconf 81' lang='lat' dir='ltr'>fere</span> <span class='ocrx_word' id='word_1_129' title='bbox 486 2298 629 2360; x_wconf 86' lang='lat' dir='ltr'>seiuncta</span> <span class='ocrx_word' id='word_1_130' title='bbox 657 2318 725 2360; x_wconf 85' lang='lat' dir='ltr'>esse</span> <span class='ocrx_word' id='word_1_131' title='bbox 753 2297 794 2358; x_wconf 88' lang='lat' dir='ltr'>ab</span> <span class='ocrx_word' id='word_1_132' title='bbox 816 2296 958 2379; x_wconf 89' lang='lat' dir='ltr'>ipsarum</span> <span class='ocrx_word' id='word_1_133' title='bbox 986 2319 1091 2361; x_wconf 87' lang='lat' dir='ltr'>rerum</span> <span class='ocrx_word' id='word_1_134' title='bbox 1117 2301 1282 2382; x_wconf 87' lang='lat' dir='ltr'>gestarum</span> <span class='ocrx_word' id='word_1_135' title='bbox 1309 2293 1408 2378; x_wconf 79' lang='lat' dir='ltr'>exposi-</span> <span class='ocrx_word' id='word_1_136' title='bbox 1455 2299 1456 2308; x_wconf 76' lang='grc'>’</span> 
     </span>
     <span class='ocr_line' id='line_1_19' title="bbox 288 2405 1407 2490; baseline -0.002 -21"><span class='ocrx_word' id='word_1_137' title='bbox 288 2408 375 2470; x_wconf 91' lang='lat' dir='ltr'>tione</span> <span class='ocrx_word' id='word_1_138' title='bbox 399 2407 518 2490; x_wconf 88' lang='lat' dir='ltr'>potuit,</span> <span class='ocrx_word' id='word_1_139' title='bbox 543 2429 580 2469; x_wconf 93' lang='lat' dir='ltr'>ac</span> <span class='ocrx_word' id='word_1_140' title='bbox 604 2407 652 2470; x_wconf 89' lang='lat' dir='ltr'>vel</span> <span class='ocrx_word' id='word_1_141' title='bbox 676 2405 770 2487; x_wconf 88' lang='lat' dir='ltr'>illud,</span> <span class='ocrx_word' id='word_1_142' title='bbox 795 2406 878 2489; x_wconf 90' lang='lat' dir='ltr'>quod</span> <span class='ocrx_word' id='word_1_143' title='bbox 901 2407 942 2468; x_wconf 91' lang='lat' dir='ltr'>ab</span> <span class='ocrx_word' id='word_1_144' title='bbox 964 2406 1057 2471; x_wconf 91' lang='lat' dir='ltr'>initio</span> <span class='ocrx_word' id='word_1_145' title='bbox 1080 2410 1243 2490; x_wconf 89' lang='lat' dir='ltr'>posuimus</span> <span class='ocrx_word' id='word_1_146' title='bbox 1267 2407 1339 2490; x_wconf 68' lang='lat' dir='ltr'>(X),</span> <span class='ocrx_word' id='word_1_147' title='bbox 1360 2426 1407 2467; x_wconf 89' lang='lat' dir='ltr'>non</span> 
     </span>
     <span class='ocr_line' id='line_1_20' title="bbox 288 2515 1408 2600; baseline -0.005 -21"><span class='ocrx_word' id='word_1_148' title='bbox 288 2518 391 2600; x_wconf 86' lang='lat' dir='ltr'>magis</span> <span class='ocrx_word' id='word_1_149' title='bbox 414 2522 543 2600; x_wconf 90' lang='lat' dir='ltr'>propter</span> <span class='ocrx_word' id='word_1_150' title='bbox 560 2515 736 2578; x_wconf 83' lang='lat' dir='ltr'>Alexandri</span> <span class='ocrx_word' id='word_1_151' title='bbox 759 2537 815 2598; x_wconf 89' lang='lat' dir='ltr'>per</span> <span class='ocrx_word' id='word_1_152' title='bbox 836 2516 949 2578; x_wconf 86' lang='lat' dir='ltr'>Asiam</span> <span class='ocrx_word' id='word_1_153' title='bbox 971 2517 1188 2598; x_wconf 86' lang='lat' dir='ltr'>expeditiones</span> <span class='ocrx_word' id='word_1_154' title='bbox 1212 2518 1311 2580; x_wconf 82' lang='lat' dir='ltr'>videri</span> <span class='ocrx_word' id='word_1_155' title='bbox 1331 2518 1408 2599; x_wconf 86' lang='lat' dir='ltr'>queat</span> 
     </span>
     <span class='ocr_line' id='line_1_21' title="bbox 287 2625 1408 2708; baseline -0.006 -20"><span class='ocrx_word' id='word_1_156' title='bbox 287 2628 321 2688; x_wconf 92' lang='lat' dir='ltr'>in</span> <span class='ocrx_word' id='word_1_157' title='bbox 338 2626 503 2690; x_wconf 86' lang='lat' dir='ltr'>eiusmodi</span> <span class='ocrx_word' id='word_1_158' title='bbox 526 2625 737 2689; x_wconf 87' lang='lat' dir='ltr'>miscellaneis</span> <span class='ocrx_word' id='word_1_159' title='bbox 761 2625 997 2689; x_wconf 88' lang='lat' dir='ltr'>commentariis</span> <span class='ocrx_word' id='word_1_160' title='bbox 1021 2626 1123 2689; x_wconf 91' lang='lat' dir='ltr'>locum</span> <span class='ocrx_word' id='word_1_161' title='bbox 1145 2627 1316 2708; x_wconf 84' lang='lat' dir='ltr'>invenisse,</span> <span class='ocrx_word' id='word_1_162' title='bbox 1332 2645 1408 2708; x_wconf 88' lang='lat' dir='ltr'>quan</span> 
     </span>
     <span class='ocr_line' id='line_1_22' title="bbox 287 2733 1456 2824; baseline -0.003 -27"><span class='ocrx_word' id='word_1_163' title='bbox 287 2740 417 2819; x_wconf 87' lang='lat' dir='ltr'>propter</span> <span class='ocrx_word' id='word_1_164' title='bbox 440 2736 634 2820; x_wconf 87' lang='lat' dir='ltr'>singularem</span> <span class='ocrx_word' id='word_1_165' title='bbox 658 2758 695 2798; x_wconf 92' lang='lat' dir='ltr'>ac</span> <span class='ocrx_word' id='word_1_166' title='bbox 717 2735 829 2798; x_wconf 90' lang='lat' dir='ltr'>miram</span> <span class='ocrx_word' id='word_1_167' title='bbox 853 2758 947 2819; x_wconf 89' lang='lat' dir='ltr'>quam</span> <span class='ocrx_word' id='word_1_168' title='bbox 970 2757 1027 2819; x_wconf 90' lang='lat' dir='ltr'>per</span> <span class='ocrx_word' id='word_1_169' title='bbox 1042 2757 1076 2798; x_wconf 86' lang='lat' dir='ltr'>se</span> <span class='ocrx_word' id='word_1_170' title='bbox 1093 2735 1230 2800; x_wconf 87' lang='lat' dir='ltr'>Gordius</span> <span class='ocrx_word' id='word_1_171' title='bbox 1253 2737 1307 2799; x_wconf 91' lang='lat' dir='ltr'>ille</span> <span class='ocrx_word' id='word_1_172' title='bbox 1329 2733 1410 2798; x_wconf 82' lang='lat' dir='ltr'>nodm</span> <span class='ocrx_word' id='word_1_173' title='bbox 1455 2811 1456 2824; x_wconf 14' lang='grc' dir='ltr'>ῃ</span> 
     </span>
     <span class='ocr_line' id='line_1_23' title="bbox 288 2845 1410 2928; baseline -0.009 -18"><span class='ocrx_word' id='word_1_174' title='bbox 288 2847 505 2911; x_wconf 87' lang='lat' dir='ltr'>condicionem</span> <span class='ocrx_word' id='word_1_175' title='bbox 524 2847 645 2910; x_wconf 89' lang='lat' dir='ltr'>habuit.</span> <span class='ocrx_word' id='word_1_176' title='bbox 678 2845 798 2910; x_wconf 84' lang='lat' dir='ltr'>Contra</span> <span class='ocrx_word' id='word_1_177' title='bbox 821 2868 900 2928; x_wconf 89' lang='lat' dir='ltr'>quae</span> <span class='ocrx_word' id='word_1_178' title='bbox 922 2845 1063 2908; x_wconf 90' lang='lat' dir='ltr'>breviter</span> <span class='ocrx_word' id='word_1_179' title='bbox 1084 2845 1148 2908; x_wconf 89' lang='lat' dir='ltr'>dici</span> <span class='ocrx_word' id='word_1_180' title='bbox 1167 2849 1284 2928; x_wconf 90' lang='lat' dir='ltr'>potest.</span> <span class='ocrx_word' id='word_1_181' title='bbox 1314 2845 1410 2909; x_wconf 85' lang='lat' dir='ltr'>Obstat</span> 
     </span>
     <span class='ocr_line' id='line_1_24' title="bbox 287 2955 1410 3038; baseline -0.002 -18"><span class='ocrx_word' id='word_1_182' title='bbox 287 2958 372 3020; x_wconf 89' lang='lat' dir='ltr'>enirn</span> <span class='ocrx_word' id='word_1_183' title='bbox 387 2957 471 3020; x_wconf 89' lang='lat' dir='ltr'>idem</span> <span class='ocrx_word' id='word_1_184' title='bbox 487 2956 541 3019; x_wconf 91' lang='lat' dir='ltr'>ille</span> <span class='ocrx_word' id='word_1_185' title='bbox 557 2955 720 3038; x_wconf 81' lang='lat' dir='ltr'>Euripidis</span> <span class='ocrx_word' id='word_1_186' title='bbox 743 2955 930 3036; x_wconf 87' lang='lat' dir='ltr'>scholiasta,</span> <span class='ocrx_word' id='word_1_187' title='bbox 955 2955 1117 3038; x_wconf 81' lang='lat' dir='ltr'>Marsyam</span> <span class='ocrx_word' id='word_1_188' title='bbox 1139 2958 1320 3018; x_wconf 88' lang='lat' dir='ltr'>antestatus</span> <span class='ocrx_word' id='word_1_189' title='bbox 1338 2957 1410 3032; x_wconf 81' lang='grc' dir='ltr'>ἐντῇ</span> 
     </span>
     <span class='ocr_line' id='line_1_25' title="bbox 286 3064 1412 3152; baseline -0.011 -21"><span class='ocrx_word' id='word_1_190' title='bbox 286 3069 398 3152; x_wconf 86' lang='grc' dir='ltr'>πρώτῃ</span> <span class='ocrx_word' id='word_1_191' title='bbox 421 3073 497 3132; x_wconf 85' lang='grc' dir='ltr'>τῶν</span> <span class='ocrx_word' id='word_1_192' title='bbox 517 3067 758 3131; x_wconf 84' lang='grc' dir='ltr'>Μακεδόνων</span> <span class='ocrx_word' id='word_1_193' title='bbox 780 3065 1023 3148; x_wconf 79' lang='grc' dir='ltr'>ἱττοριῶν*),</span> <span class='ocrx_word' id='word_1_194' title='bbox 1049 3065 1156 3127; x_wconf 81' lang='lat' dir='ltr'>obstat</span> <span class='ocrx_word' id='word_1_195' title='bbox 1177 3064 1327 3147; x_wconf 90' lang='lat' dir='ltr'>loquendi</span> <span class='ocrx_word' id='word_1_196' title='bbox 1353 3081 1412 3124; x_wconf 71' lang='lat' dir='ltr'>usus</span> 
     </span>
     <span class='ocr_line' id='line_1_26' title="bbox 286 3174 1456 3259; baseline -0.008 -19"><span class='ocrx_word' id='word_1_197' title='bbox 286 3181 318 3240; x_wconf 91' lang='lat' dir='ltr'>et</span> <span class='ocrx_word' id='word_1_198' title='bbox 334 3177 483 3240; x_wconf 87' lang='lat' dir='ltr'>similium</span> <span class='ocrx_word' id='word_1_199' title='bbox 503 3176 698 3259; x_wconf 89' lang='lat' dir='ltr'>comparatio</span> <span class='ocrx_word' id='word_1_200' title='bbox 716 3174 971 3258; x_wconf 89' lang='lat' dir='ltr'>inscriptionum.</span> <span class='ocrx_word' id='word_1_201' title='bbox 1003 3175 1064 3238; x_wconf 92' lang='lat' dir='ltr'>Illo</span> <span class='ocrx_word' id='word_1_202' title='bbox 1080 3175 1165 3237; x_wconf 88' lang='lat' dir='ltr'>enim</span> <span class='ocrx_word' id='word_1_203' title='bbox 1187 3174 1334 3258; x_wconf 80' lang='lat' dir='ltr'>exemplo</span> <span class='ocrx_word' id='word_1_204' title='bbox 1355 3193 1413 3235; x_wconf 86' lang='lat' dir='ltr'>con·</span> <span class='ocrx_word' id='word_1_205' title='bbox 1455 3189 1456 3194; x_wconf 51' lang='lat'>¹</span> 
     </span>
     <span class='ocr_line' id='line_1_27' title="bbox 286 3278 1452 3370; baseline -0.012 -18"><span class='ocrx_word' id='word_1_206' title='bbox 286 3289 413 3370; x_wconf 86' lang='lat' dir='ltr'>scriptis</span> <span class='ocrx_word' id='word_1_207' title='bbox 438 3286 673 3350; x_wconf 88' lang='lat' dir='ltr'>commentariis</span> <span class='ocrx_word' id='word_1_208' title='bbox 701 3285 839 3348; x_wconf 82' lang='lat' dir='ltr'>irnliccnr</span> <span class='ocrx_word' id='word_1_209' title='bbox 862 3289 972 3348; x_wconf 87' lang='lat' dir='ltr'>auctor</span> <span class='ocrx_word' id='word_1_210' title='bbox 995 3283 1124 3347; x_wconf 89' lang='lat' dir='ltr'>fecisset</span> <span class='ocrx_word' id='word_1_211' title='bbox 1146 3285 1356 3364; x_wconf 86' lang='grc' dir='ltr'>ὑπομνήματα</span> <span class='ocrx_word' id='word_1_212' title='bbox 1376 3278 1413 3342; x_wconf 75' lang='lat' dir='ltr'>sel</span> <span class='ocrx_word' id='word_1_213' title='bbox 1445 3349 1452 3362; x_wconf 24' lang='grc' dir='ltr'>ῃ</span> 
     </span>
     <span class='ocr_line' id='line_1_28' title="bbox 285 3391 1414 3480; baseline -0.012 -17"><span class='ocrx_word' id='word_1_214' title='bbox 285 3401 434 3477; x_wconf 76' lang='grc' dir='ltr'>(ύμμικτα</span> <span class='ocrx_word' id='word_1_215' title='bbox 457 3397 506 3459; x_wconf 88' lang='lat' dir='ltr'>vel</span> <span class='ocrx_word' id='word_1_216' title='bbox 529 3419 609 3480; x_wconf 86' lang='lat' dir='ltr'>quae</span> <span class='ocrx_word' id='word_1_217' title='bbox 632 3399 707 3458; x_wconf 89' lang='lat' dir='ltr'>sunt</span> <span class='ocrx_word' id='word_1_218' title='bbox 728 3395 849 3478; x_wconf 83' lang='lat' dir='ltr'>reliqua</span> <span class='ocrx_word' id='word_1_219' title='bbox 871 3393 1001 3457; x_wconf 89' lang='lat' dir='ltr'>nomina</span> <span class='ocrx_word' id='word_1_220' title='bbox 1024 3393 1164 3456; x_wconf 88' lang='lat' dir='ltr'>eiusdem</span> <span class='ocrx_word' id='word_1_221' title='bbox 1186 3394 1327 3476; x_wconf 86' lang='lat' dir='ltr'>generis.</span> <span class='ocrx_word' id='word_1_222' title='bbox 1365 3391 1414 3453; x_wconf 87' lang='lat' dir='ltr'>lta-</span> 
     </span>
     <span class='ocr_line' id='line_1_29' title="bbox 285 3503 1415 3592; baseline -0.009 -21"><span class='ocrx_word' id='word_1_223' title='bbox 285 3530 344 3592; x_wconf 90' lang='lat' dir='ltr'>que</span> <span class='ocrx_word' id='word_1_224' title='bbox 367 3511 402 3572; x_wconf 89' lang='lat' dir='ltr'>ut</span> <span class='ocrx_word' id='word_1_225' title='bbox 425 3510 621 3570; x_wconf 83' lang='lat' dir='ltr'>revertamur</span> <span class='ocrx_word' id='word_1_226' title='bbox 643 3506 726 3568; x_wconf 91' lang='lat' dir='ltr'>unde</span> <span class='ocrx_word' id='word_1_227' title='bbox 749 3504 885 3587; x_wconf 86' lang='lat' dir='ltr'>profecti</span> <span class='ocrx_word' id='word_1_228' title='bbox 908 3526 1014 3566; x_wconf 87' lang='lat' dir='ltr'>sumus</span> <span class='ocrx_word' id='word_1_229' title='bbox 1021 3553 1030 3585; x_wconf 93' lang='lat'>,</span> <span class='ocrx_word' id='word_1_230' title='bbox 1055 3525 1127 3566; x_wconf 87' lang='lat' dir='ltr'>cum</span> <span class='ocrx_word' id='word_1_231' title='bbox 1149 3524 1210 3566; x_wconf 87' lang='lat' dir='ltr'>nec</span> <span class='ocrx_word' id='word_1_232' title='bbox 1227 3503 1349 3566; x_wconf 85' lang='lat' dir='ltr'>Pellaei</span> <span class='ocrx_word' id='word_1_233' title='bbox 1368 3519 1415 3562; x_wconf 78' lang='lat' dir='ltr'>nec</span> 
     </span>
     <span class='ocr_line' id='line_1_30' title="bbox 285 3613 1415 3701; baseline -0.007 -20"><span class='ocrx_word' id='word_1_234' title='bbox 285 3618 501 3701; x_wconf 87' lang='lat' dir='ltr'>Philippensis</span> <span class='ocrx_word' id='word_1_235' title='bbox 528 3615 735 3679; x_wconf 89' lang='lat' dir='ltr'>Macedonica</span> <span class='ocrx_word' id='word_1_236' title='bbox 763 3614 961 3697; x_wconf 86' lang='lat' dir='ltr'>significasse</span> <span class='ocrx_word' id='word_1_237' title='bbox 984 3613 1200 3696; x_wconf 89' lang='lat' dir='ltr'>Harpocratio</span> <span class='ocrx_word' id='word_1_238' title='bbox 1223 3636 1253 3676; x_wconf 82' lang='lat' dir='ltr'>v.</span> <span class='ocrx_word' id='word_1_239' title='bbox 1271 3613 1415 3694; x_wconf 77' lang='grc' dir='ltr'>Ἀριετίαν</span> 
     </span>
     <span class='ocr_line' id='line_1_31' title="bbox 285 3721 1416 3810; baseline -0.007 -20"><span class='ocrx_word' id='word_1_240' title='bbox 285 3733 317 3790; x_wconf 90' lang='lat' dir='ltr'>et</span> <span class='ocrx_word' id='word_1_241' title='bbox 341 3731 502 3808; x_wconf 76' lang='grc' dir='ltr'>Μαργίτῃ(</span> <span class='ocrx_word' id='word_1_242' title='bbox 525 3727 636 3810; x_wconf 86' lang='lat' dir='ltr'>possit,</span> <span class='ocrx_word' id='word_1_243' title='bbox 661 3747 721 3788; x_wconf 86' lang='lat' dir='ltr'>nec</span> <span class='ocrx_word' id='word_1_244' title='bbox 743 3723 783 3787; x_wconf 90' lang='lat' dir='ltr'>ad</span> <span class='ocrx_word' id='word_1_245' title='bbox 807 3726 1015 3804; x_wconf 83' lang='grc' dir='ltr'>Ἀλεξάνδρου</span> <span class='ocrx_word' id='word_1_246' title='bbox 1038 3724 1169 3802; x_wconf 87' lang='grc' dir='ltr'>ἀγωγήν</span> <span class='ocrx_word' id='word_1_247' title='bbox 1192 3724 1311 3806; x_wconf 88' lang='lat' dir='ltr'>prioris</span> <span class='ocrx_word' id='word_1_248' title='bbox 1333 3721 1416 3800; x_wconf 83' lang='lat' dir='ltr'>scrip</span> 
     </span>
     <span class='ocr_line' id='line_1_32' title="bbox 284 3828 1418 3916; baseline -0.011 -16"><span class='ocrx_word' id='word_1_249' title='bbox 284 3839 362 3900; x_wconf 91' lang='lat' dir='ltr'>toris</span> <span class='ocrx_word' id='word_1_250' title='bbox 386 3859 465 3899; x_wconf 89' lang='lat' dir='ltr'>sana</span> <span class='ocrx_word' id='word_1_251' title='bbox 488 3836 613 3900; x_wconf 88' lang='lat' dir='ltr'>ratione</span> <span class='ocrx_word' id='word_1_252' title='bbox 641 3835 759 3897; x_wconf 88' lang='lat' dir='ltr'>referre</span> <span class='ocrx_word' id='word_1_253' title='bbox 783 3856 820 3896; x_wconf 91' lang='lat' dir='ltr'>ea</span> <span class='ocrx_word' id='word_1_254' title='bbox 848 3833 959 3915; x_wconf 90' lang='lat' dir='ltr'>liceat,</span> <span class='ocrx_word' id='word_1_255' title='bbox 993 3855 1073 3916; x_wconf 87' lang='lat' dir='ltr'>quae</span> <span class='ocrx_word' id='word_1_256' title='bbox 1096 3833 1224 3896; x_wconf 88' lang='lat' dir='ltr'>adultus</span> <span class='ocrx_word' id='word_1_257' title='bbox 1247 3828 1418 3896; x_wconf 79' lang='lat' dir='ltr'>Alexander</span> 
     </span>
     <span class='ocr_line' id='line_1_33' title="bbox 285 3943 1416 4028; baseline -0.003 -17"><span class='ocrx_word' id='word_1_258' title='bbox 285 3952 317 4011; x_wconf 91' lang='lat' dir='ltr'>et</span> <span class='ocrx_word' id='word_1_259' title='bbox 339 3970 392 4010; x_wconf 86' lang='lat' dir='ltr'>rex</span> <span class='ocrx_word' id='word_1_260' title='bbox 422 3949 526 4010; x_wconf 88' lang='lat' dir='ltr'>factus</span> <span class='ocrx_word' id='word_1_261' title='bbox 555 3946 767 4028; x_wconf 88' lang='lat' dir='ltr'>perpetravit:</span> <span class='ocrx_word' id='word_1_262' title='bbox 799 3943 880 4005; x_wconf 87' lang='lat' dir='ltr'>nihil</span> <span class='ocrx_word' id='word_1_263' title='bbox 909 3943 972 4005; x_wconf 89' lang='lat' dir='ltr'>iam</span> <span class='ocrx_word' id='word_1_264' title='bbox 998 3943 1141 4005; x_wconf 85' lang='lat' dir='ltr'>videmus</span> <span class='ocrx_word' id='word_1_265' title='bbox 1170 3943 1329 4026; x_wconf 90' lang='lat' dir='ltr'>reliquum</span> <span class='ocrx_word' id='word_1_266' title='bbox 1350 3958 1416 4008; x_wconf 64' lang='lat' dir='ltr'>esse,</span> 
     </span>
    </p>
   </div>
   <div class='ocr_carea' id='block_1_3' title="bbox 285 4245 1416 4412">
    <p class='ocr_par' dir='ltr' id='par_1_3' title="bbox 285 4245 1416 4412">
     <span class='ocr_line' id='line_1_34' title="bbox 351 4245 1416 4318; baseline -0.004 -15"><span class='ocrx_word' id='word_1_267' title='bbox 351 4255 376 4318; x_wconf 62' lang='lat' dir='ltr'>*l</span> <span class='ocrx_word' id='word_1_268' title='bbox 401 4251 474 4318; x_wconf 81' lang='lat' dir='ltr'>[Nisi</span> <span class='ocrx_word' id='word_1_269' title='bbox 497 4253 590 4302; x_wconf 87' lang='lat' dir='ltr'>tamen</span> <span class='ocrx_word' id='word_1_270' title='bbox 615 4266 676 4302; x_wconf 88' lang='lat' dir='ltr'>cum</span> <span class='ocrx_word' id='word_1_271' title='bbox 700 4246 832 4302; x_wconf 87' lang='lat' dir='ltr'>Muellero</span> <span class='ocrx_word' id='word_1_272' title='bbox 855 4266 882 4316; x_wconf 84' lang='lat' dir='ltr'>p.</span> <span class='ocrx_word' id='word_1_273' title='bbox 902 4254 935 4300; x_wconf 75' lang='lat' dir='ltr'>lt</span> <span class='ocrx_word' id='word_1_274' title='bbox 954 4249 1156 4302; x_wconf 84' lang='grc' dir='ltr'>Μακεδονικῶν</span> <span class='ocrx_word' id='word_1_275' title='bbox 1175 4245 1353 4302; x_wconf 87' lang='lat' dir='ltr'>scribendum</span> <span class='ocrx_word' id='word_1_276' title='bbox 1376 4261 1416 4313; x_wconf 72' lang='lat' dir='ltr'>ph·</span> 
     </span>
     <span class='ocr_line' id='line_1_35' title="bbox 285 4347 479 4412; baseline -0.036 -11"><span class='ocrx_word' id='word_1_277' title='bbox 285 4347 479 4412; x_wconf 84' lang='grc' dir='ltr'>ΜακεδόνωνΙ</span> 
     </span>
    </p>
   </div>
   <div class='ocr_carea' id='block_1_4' title="bbox 0 0 1480 5132">
    <p class='ocr_par' dir='ltr' id='par_1_4' title="bbox 0 0 1480 5132">
     <span class='ocr_line' id='line_1_36' title="bbox 0 0 1480 5132; baseline 0 1"><span class='ocrx_word' id='word_1_278' title='bbox 0 0 1480 5132; x_wconf 95' lang='lat' dir='ltr'> </span> 
     </span>
    </p>
   </div>
  </div>
 </body>
</html>
