2954 5134
358 391 518 442 monrsn
540 389 894 441 murcaassssausrs.
1132 369 1197 436 539

577 545 599 624 g
623 542 674 608 14.

145 681 305 747 Corollarii
333 681 404 744 loeo
431 699 518 744 nuno
545 677 622 743 lieet
655 699 781 742 omnem
812 676 955 742 oodieum
984 676 1196 760 Dionysiano

71 813 131 854 rum
151 791 334 877 progeniem
355 793 388 856 et
410 788 637 876 cognationem
659 789 720 854 hoe
741 786 878 854 artificio
900 787 1075 852 illustrare:

297 1485 306 1504 ,
443 965 847 1531 <J

405 1223 431 1282 A

402 1303 422 1468 t

399 1471 428 1618 i>
610 1544 743 1628 own)

400 1637 429 1786 t

140 1864 248 1950 ipsum
274 1866 339 1932 iam
367 1869 522 1935 Cobetum
550 1869 635 1935 haud
663 1891 759 1958 aegre
787 1877 1010 1936 oonees‘snrum
1041 1867 1195 1953 auspiom,

69 1996 119 2039 nee
132 1975 273 2042 Chisiani
289 1978 429 2062 potuisse
445 1981 668 2046 auctoritatem
683 1982 746 2046 nisi
762 1983 926 2067 explorato
936 1979 1096 2044 Vrbinute
1111 1981 1198 2042 reete

68 2083 194 2170 definiri,
218 2109 281 2152 nee
302 2088 396 2152 buius
419 2089 559 2154 indolem
581 2091 740 2176 explorari
762 2091 824 2156 nisi
848 2089 1041 2174 eomparatis
1063 2087 1197 2173 reliquo·

68 2213 128 2258 mm
157 2197 312 2262 librorum
346 2198 540 2283 rationibus,
578 2223 639 2264 nee
667 2202 762 2268 fidem
790 2221 849 2266 nos
883 2201 1069 2265 inventuros
1101 2197 1199 2262 fuisse

68 2303 163 2370 eiectis
194 2310 246 2372 tot
278 2309 395 2393 pannis
417 2307 572 2394 Dionysio
601 2311 699 2375 etiam
728 2333 815 2376 nune
837 2307 1100 2390 adhaerentibus,
1136 2305 1199 2371 nisi

68 2415 166 2482 horum
192 2419 320 2504 origine
347 2423 535 2485 monstrata.
586 2419 636 2485 De
663 2421 776 2506 quibus
804 2419 951 2486 omnibus
979 2419 1033 2503 qui
1056 2419 1199 2481 nostram

67 2529 248 2594 sententiam
272 2529 343 2594 aliis
365 2530 626 2615 persuaderemus
648 2531 712 2596 uisi
735 2534 767 2595 et
788 2529 936 2596 omnibus
959 2527 1121 2594 codicibus
1143 2546 1201 2610 per
1473 2555 1475 2562 v

68 2635 192 2720 aliquam
219 2643 345 2723 partem
373 2641 613 2726 Antiquitatum
643 2642 768 2708 collatis
798 2643 908 2726 (atque
935 2637 1136 2704 substitimus
1165 2636 1200 2700 iu

67 2750 231 2833 prooemio)
266 2753 299 2814 et
332 2771 440 2816 eorum
468 2749 693 2836 discrepantiis
723 2775 794 2816 eum
823 2751 886 2832 eis,
917 2769 1050 2834 quorum
1085 2745 1201 2811 iudicio

68 2863 291 2942 expeteremus,
326 2881 392 2924 non
415 2881 486 2925 oum
517 2859 635 2926 dilectu
657 2861 711 2924 sed
740 2862 833 2945 plene
861 2857 1127 2924 communicatis?
1161 2855 1201 2920 In
1473 2891 1476 2948 p

67 2967 168 3048 quibus
188 2970 216 3034 si
244 2973 321 3034 suut
347 2991 428 3054 quae
451 2969 591 3056 perleria
613 2970 782 3035 videantur
809 2972 858 3036 vel
886 2969 1005 3034 nullius
1029 2966 1200 3034 momenti:
1471 2989 1476 3027 ι

67 3075 194 3144 sirecte
223 3078 384 3162 videntur,
420 3081 532 3164 eulpae
561 3080 689 3165 quidem
719 3081 809 3145 notio
837 3079 945 3166 (modo
979 3079 1008 3143 ei
1037 3079 1125 3143 loeus
1158 3077 1200 3140 sit
1218 3097 1251 3146 at

67 3187 199 3274 omnino)
228 3211 294 3253 non
323 3189 358 3254 in
385 3189 539 3255 editorem
562 3191 705 3274 profecto
731 3189 971 3272 transferenda,
1001 3211 1020 3253 a
1046 3209 1109 3273 quo
1130 3187 1200 3251 dssi-

67 3297 167 3378 gentio
193 3285 350 3383 posbrlari
378 3301 475 3384 solet,
505 3299 559 3366 sed
587 3301 719 3366 librario
741 3301 946 3385 imputanda,
974 3299 1029 3384 qui
1057 3321 1123 3363 non
1145 3300 1201 3362 aut

67 3407 203 3488 graviora
226 3411 282 3474 aut
303 3409 385 3474 nihil
400 3411 559 3495 peccarit3
581 3409 608 3474 si
630 3409 736 3474 minus
751 3413 854 3494 recte,
878 3409 984 3474 minus
1000 3409 1096 3474 etiam
1119 3408 1200 3472 vitu-

67 3519 160 3598 perari
185 3541 294 3584 eorum
318 3521 576 3586 commemoratio
598 3520 718 3585 debuit.
763 3519 946 3604 Vituperati
969 3541 1094 3601 sumus,
1117 3517 1201 3603 quod

67 3625 136 3692 talia
157 3629 358 3694 attulerimus
380 3633 416 3694 ut
437 3629 647 3714 εὑρωιταίοιε,
677 3629 760 3715 quod
782 3651 859 3695 sane
888 3633 921 3695 et
943 3630 1070 3714 perleve
1098 3631 1202 3692 estet

67 3737 137 3800 nulli
163 3739 251 3822 usui3
284 3740 340 3805 sed
373 3739 450 3824 quid
479 3763 569 3805 usum
596 3739 781 3805 habiturum
808 3739 868 3824 sit,
904 3739 980 3824 quid
1013 3760 1080 3803 non
1112 3737 1200 3802 habi·

67 3845 180 3932 turum,
214 3869 275 3914 nee
310 3849 422 3934 quovis
453 3854 596 3934 tempore
629 3872 689 3915 neo
729 3849 867 3916 cuiusvis
899 3848 1047 3914 acumine
1079 3847 1202 3934 praevi-

67 3952 160 4022 detur.
210 3959 264 4025 An
290 3961 406 4037 ὀλίγα
432 3981 555 4045 quoque
582 3959 677 4044 illud,
711 3959 790 4024 levis
818 3957 970 4023 nimirum
997 3979 1056 4043 pro
1086 3959 1202 4035 ὀλίγα

67 4062 288 4154 discrepantia,
316 4069 445 4134 silentio
472 4068 791 4154 praetermittendum
819 4067 898 4152 fuit,
929 4068 964 4132 in
991 4089 1054 4152 quo
1077 4067 1113 4132 οἱ
1136 4069 1201 4134 λό-

66 4193 122 4248 γοι
142 4176 271 4244 latuisse
293 4177 429 4244 vidimus
452 4181 487 4264 (ξ
502 4177 561 4264 6)?
581 4217 624 4230 --
642 4177 727 4242 Nam
750 4177 827 4243 iilud
850 4177 978 4263 quidem
1000 4199 1067 4242 non
1089 4178 1201 4263 magni

67 4303 137 4348 sane
158 4285 309 4370 iacimus,
333 4287 416 4372 quod
438 4287 666 4372 propemodum
688 4288 795 4352 nullus
817 4287 899 4352 liber
921 4293 971 4352 est
993 4287 1087 4353 ullius
1102 4289 1201 4373 serip-

68 4393 153 4480 turis,
182 4417 199 4460 e
220 4418 281 4482 quo
303 4418 368 4464 nou
391 4397 578 4486 aliquando,
607 4420 797 4487 quamquam
819 4397 992 4464 rarissimis
1014 4397 1201 4496 plerumque
