2954 5134
293 327 357 390 574
579 341 839 402 cuononoarvn
863 341 1147 390 vinnononansa.

294 495 505 559 floridioribus
528 495 605 560 locis
629 519 666 560 ea
688 495 794 580 potius
817 494 1012 578 decerperet,
1037 515 1170 578 quorum
1191 493 1271 558 ratio
1291 493 1326 556 ad
1342 515 1396 557 scn-

294 628 363 670 sum
392 628 590 670 communem
618 608 865 690 popularemque
893 605 1151 690 intellegentiam
1184 605 1306 688 propius
1333 626 1397 667 acce

294 719 392 781 deret.
438 716 527 792 Quod
556 717 583 781 si
611 717 658 780 ita
686 718 728 780 sit
750 717 797 780 uti
820 717 883 799 aie,
908 715 981 800 quid
1006 716 1104 780 fuisse
1127 737 1256 780 caussae
1277 715 1397 782 dicamus.

294 850 350 892 cur
372 828 436 891 aha
458 827 607 911 plurima,
632 849 764 912 quorum
787 827 871 890 idem
893 848 1022 910 prorsus
1046 825 1142 910 color,
1165 848 1205 890 er
1228 825 1336 891 Orione
1353 847 1398 888 non

293 939 535 1021 reciperentur?
571 937 638 1013 Quo
661 937 789 1020 quidem
811 940 938 1020 praeter
961 937 1024 1000 alia
1046 937 1188 1020 pertinet
1210 936 1400 1001 Isocratiorun

293 1049 450 1112 dictorum
472 1048 642 1112 multitudo
667 1049 706 1131 (l,
730 1048 782 1111 27.
806 1047 849 1131 ss,
872 1049 903 1111 4.
927 1047 987 1130 III,
1012 1048 1041 1111 6.
1066 1046 1124 1131 IV,
1147 1047 1178 1111 4.
1203 1046 1259 1130 VI,
1284 1043 1401 1124 16111,

295 1161 344 1224 13.
364 1161 426 1240 14),
450 1159 564 1242 quibus
579 1158 660 1222 nihil
676 1157 856 1242 exoptatius
877 1157 1045 1242 obtingere
1061 1157 1153 1221 istius
1167 1157 1253 1221 modi
1274 1157 1402 1240 epitome

293 1269 415 1332 auctori
449 1272 586 1352 poterat.
632 1267 753 1332 Rursus
786 1271 893 1331 autem
926 1268 981 1352 qui
1008 1267 1139 1332 tandem
1166 1268 1223 1351 fit,
1258 1273 1291 1332 ut
1320 1287 1402 1330 eorum

292 1379 492 1463 potissimum
513 1380 662 1461 virorum,
691 1401 823 1463 quorum
845 1378 940 1442 dictis
963 1378 1068 1442 affluit
1090 1384 1123 1442 et
1145 1381 1305 1468 tamquam
1324 1377 1401 1440 scatet

293 1490 414 1574 sylloge
436 1489 711 1571 VindobonensiS,
740 1489 772 1552 h.
797 1511 824 1552 e.
853 1488 1128 1573 philosophorum,
1153 1490 1188 1553 in
1211 1488 1332 1555 Orionis
1348 1491 1403 1550 octo

292 1599 427 1684 integris
451 1600 608 1682 capitibus
632 1599 684 1662 vix
706 1601 815 1663 tenuia
839 1600 995 1684 quaedam
1017 1600 1153 1685 vestigia
1175 1596 1401 1684 appareant?in

292 1711 405 1794 quibus
422 1711 481 1773 etsi
498 1710 688 1794 aliquotiens
711 1710 831 1774 mentio
854 1711 891 1773 fit
907 1709 1062 1792 Platonis,
1085 1714 1196 1774 tamen
1218 1709 1403 1774 sententiosa

292 1821 376 1883 illius
404 1819 581 1903 sapientiae
609 1820 690 1883 nihil
723 1824 837 1883 exstat.
883 1821 1007 1885 Deinde
1039 1821 1101 1885 huc
1137 1842 1254 1905 quaeso
1290 1819 1404 1883 οιιίιιιιιιο

293 1931 432 1994 adverte.
483 1930 633 1994 Isocratis
661 1931 755 2013 illud,
790 1931 872 2016 quod
901 1953 1067 1995 commune
1096 1953 1163 1994 esse
1195 1931 1331 2016 syllegae
1350 1951 1404 1992 cun

293 2041 411 2104 Orione
444 2040 594 2123 vidimus,
630 2041 706 2105 Orio
738 2041 863 2105 rettulit
891 2041 931 2104 ad
961 2041 1151 2126 Anthologii
1181 2047 1277 2125 caput
1295 2041 1319 2122 I,
1340 2036 1404 2123 quud

293 2155 341 2216 cst
363 2154 434 2232 περὶ
456 2153 556 2228 λόγου
579 2154 628 2216 καί
651 2154 848 2232 φρονήεεωτ.
879 2151 931 2215 Ad
946 2151 1081 2215 eundem
1103 2155 1211 2215 autem
1233 2152 1331 2215 locum
1351 2170 1404 2212 cun

164 2274 166 2278 '
293 2285 358 2326 non
386 2285 488 2346 pauca
516 2262 701 2346 pertincant
729 2263 763 2324 in
790 2262 948 2346 syllogam
976 2267 1105 2345 recepta
1134 2262 1236 2346 (velut
1264 2265 1320 2325 hoc
1345 2261 1403 2324 τούι

292 2376 349 2451 μὲν
372 2373 519 2454 ἄφρονα(
542 2373 560 2437 ὁ
584 2374 712 2451 χρόνοι,
735 2374 811 2437 τοὺ(
834 2375 869 2437 δὲ
891 2373 1071 2453 φρονίμου(
1090 2373 1109 2437 ὁ
1129 2373 1230 2449 λόγος
1249 2376 1305 2450 τῆτ
1324 2372 1402 2445 λύπηι

293 2484 514 2567 ἀπαλλάττει),
549 2504 656 2545 nonne
690 2482 769 2546 haec
800 2486 1049 2546 consentaneum
1083 2486 1131 2546 est
1163 2482 1198 2546 in
1231 2482 1338 2546 eodem*
1363 2479 1403 2542 illo

293 2593 421 2655 Orionis
445 2593 560 2676 capite,
584 2592 699 2656 nonin
721 2592 791 2655 aliis
815 2593 923 2656 nescio
944 2593 1056 2676 quibus
1072 2592 1261 2678 Anthologii
1283 2591 1402 2676 partibus

293 2702 414 2765 scilicet
443 2702 615 2785 deperditis
644 2725 663 2765 a
692 2703 783 2766 nobis
817 2703 950 2786 quaeri?
999 2705 1045 2766 At
1078 2703 1145 2767 illic
1179 2724 1240 2768 nec
1271 2703 1337 2766 vola
1360 2721 1403 2763 nec
1469 2707 1470 2718 ¹

292 2812 472 2896 vestigirmi.
518 2811 605 2886 Quae
628 2813 754 2896 quidem
780 2813 1016 2897 argumentatio
1040 2814 1137 2877 etiam
1158 2813 1193 2876 in
1216 2813 1279 2877 aha
1301 2809 1404 2878 Orionis

293 2923 399 3006 capita
427 2923 630 3006 syllogaeque
668 2924 941 3008 apophthegmata
979 2924 1123 3008 quadrat.
1178 2925 1296 2988 Actum
1327 2921 1405 3006 igitur
1468 2991 1469 3000 ρ

293 3055 360 3095 esse
389 3037 535 3114 putamus
564 3033 602 3097 de
626 3033 781 3116 Orioniis,
811 3056 944 3118 qnorum
971 3034 1047 3098 olim
1074 3055 1145 3118 spes
1169 3034 1321 3120 affulgere
1340 3029 1403 3094 side
1468 3027 1469 3052 ²

293 3145 397 3224 batur,
422 3144 589 3226 excerptis

378 3253 438 3318 sed
466 3259 575 3317 tamen
602 3258 717 3336 restat,
752 3258 789 3318 ut
817 3278 897 3340 quae
930 3256 1012 3320 ratio
1040 3255 1082 3318 sit
1111 3255 1159 3319 bis
1188 3255 1284 3339 positi
1310 3251 1402 3333 ‘Opim

292 3363 431 3428 nominis
460 3363 668 3449 (sicquidem
692 3366 833 3449 scripti),
862 3366 1048 3449 explicetur.
1094 3366 1201 3449 Atque
1223 3365 1305 3450 quod
1325 3364 1403 3428 alteru
1467 3351 1468 3381 ¹

291 3477 360 3538 loco
384 3475 520 3558 positum
545 3481 607 3538 est:
633 3525 639 3538 .
667 3525 673 3538 .
701 3525 706 3538 .
732 3477 809 3542 ἰδὼν
832 3477 962 3544 νεανίαν
986 3480 1234 3558 φιλοπονοῦντα
1256 3477 1329 3557 ἔφη’
1348 3472 1402 3535 κάλ·

291 3589 396 3651 λιιτον
426 3585 514 3666 ὄψον
541 3593 587 3672 τῷ
615 3587 726 3665 γήρατι
754 3586 878 3666 ἀρτύει(
908 3587 987 3670 (non
1017 3586 1102 3650 enim
1129 3586 1254 3650 videtur
1276 3585 1313 3648 de
1332 3600 1401 3646 versu
1466 3627 1467 3656 ,

293 3696 514 3778 cogitandum,
545 3696 632 3759 cuins
659 3696 814 3759 facillima
838 3696 1080 3780 conformatio),
1109 3696 1219 3761 addito
1242 3695 1342 3777 ὡρίων
1360 3711 1402 3754 no·

291 3807 376 3869 mine
405 3807 487 3869 redit
515 3806 613 3868 etiam
641 3806 675 3869 in
704 3806 881 3870 Walzianis
909 3830 941 3890 p.
964 3808 1042 3890 511,
1070 3806 1125 3870 ubi
1152 3809 1263 3871 tamen
1289 3808 1401 3870 erratum

291 3938 350 3980 nec
373 3919 414 3979 ab
438 3915 556 3980 editore
581 3920 757 3980 correctum
779 3893 952 3998 φιλοῦντα,
983 3917 1038 3980 sed
1065 3918 1162 4001 plane
1185 3917 1301 3982 eisdem
1320 3909 1401 3977 verbi*
1461 3891 1466 3980 ί

290 4028 502 4110 perscriptum
524 4026 659 4090 Isocrati
681 4027 833 4090 tribuitur
860 4027 901 4090 ab
923 4028 1060 4092 Arseuio
1082 4051 1113 4112 p.
1138 4029 1218 4110 307,
1246 4023 1400 4092 Democrito

292 4143 397 4200 autern
420 4138 461 4200 ab
484 4137 627 4201 Antonio
651 4139 781 4201 Melissa
804 4137 903 4201 Serm.
928 4136 1094 4201 LXXXIX
1116 4160 1149 4221 p.
1168 4139 1240 4220 147,
1262 4139 1311 4216 37,
1331 4150 1400 4216 prae
1464 4171 1465 4227 q

292 4246 396 4308 missis
424 4248 590 4331 utrobique
613 4249 631 4312 ὁ
655 4249 751 4312 αὐτὸ(
781 4247 895 4310 verbis.
941 4246 1049 4322 Qualis
1078 4246 1206 4330 quidem
1234 4247 1398 4310 diversantur

291 4356 480 4438 scriptonnn
509 4358 547 4420 dc
570 4359 749 4421 sententiae
778 4359 926 4441 cuiusque
955 4361 1083 4421 auctore
1106 4356 1316 4442 discrepantia
1345 4369 1397 4414 cnm
