<?xml version="1.0" encoding="UTF-8"?>
<!DOCTYPE html PUBLIC "-//W3C//DTD XHTML 1.0 Transitional//EN"
    "http://www.w3.org/TR/xhtml1/DTD/xhtml1-transitional.dtd">
<html xmlns="http://www.w3.org/1999/xhtml" xml:lang="en" lang="en">
 <head>
  <title>
</title>
<meta http-equiv="Content-Type" content="text/html;charset=utf-8" />
  <meta name='ocr-system' content='tesseract 3.04.00' />
  <meta name='ocr-capabilities' content='ocr_page ocr_carea ocr_par ocr_line ocrx_word'/>
</head>
<body>
  <div class='ocr_page' id='page_1' title='image "./fridericiritsch04ritsgoog_0479.png"; bbox 0 0 2952 5132; ppageno 0'>
   <div class='ocr_carea' id='block_1_1' title="bbox 264 341 942 406">
    <p class='ocr_par' dir='ltr' id='par_1_1' title="bbox 264 341 942 406">
     <span class='ocr_line' id='line_1_1' title="bbox 264 341 942 406; baseline -0.003 0"><span class='ocrx_word' id='word_1_1' title='bbox 264 341 326 406; x_wconf 75' lang='lat'>454</span> <span class='ocrx_word' id='word_1_2' title='bbox 723 357 770 403; x_wconf 79' lang='lat' dir='ltr'>na</span> <span class='ocrx_word' id='word_1_3' title='bbox 793 355 942 405; x_wconf 67' lang='lat' dir='ltr'>mercaris</span> 
     </span>
    </p>
   </div>
   <div class='ocr_carea' id='block_1_2' title="bbox 265 486 1471 594">
    <p class='ocr_par' dir='ltr' id='par_1_2' title="bbox 265 486 1471 594">
     <span class='ocr_line' id='line_1_2' title="bbox 265 486 1471 594; baseline -0.003 -21"><span class='ocrx_word' id='word_1_4' title='bbox 265 511 303 573; x_wconf 90' lang='lat' dir='ltr'>de</span> <span class='ocrx_word' id='word_1_5' title='bbox 320 533 381 594; x_wconf 85' lang='grc' dir='ltr'>ηιιυ</span> <span class='ocrx_word' id='word_1_6' title='bbox 397 509 655 594; x_wconf 82' lang='lat' dir='ltr'>Elymologieum</span> <span class='ocrx_word' id='word_1_7' title='bbox 671 509 715 572; x_wconf 83' lang='lat' dir='ltr'>M.</span> <span class='ocrx_word' id='word_1_8' title='bbox 732 531 764 593; x_wconf 91' lang='lat' dir='ltr'>p.</span> <span class='ocrx_word' id='word_1_9' title='bbox 777 509 850 592; x_wconf 81' lang='lat'><strong>523,</strong></span> <span class='ocrx_word' id='word_1_10' title='bbox 868 509 909 574; x_wconf 88' lang='grc'>39</span> <span class='ocrx_word' id='word_1_11' title='bbox 924 512 957 572; x_wconf 85' lang='lat' dir='ltr'>et</span> <span class='ocrx_word' id='word_1_12' title='bbox 973 509 1154 574; x_wconf 84' lang='lat' dir='ltr'>Gudianum</span> <span class='ocrx_word' id='word_1_13' title='bbox 1174 531 1205 593; x_wconf 92' lang='lat' dir='ltr'>p.</span> <span class='ocrx_word' id='word_1_14' title='bbox 1221 509 1286 592; x_wconf 75' lang='lat'>332,</span> <span class='ocrx_word' id='word_1_15' title='bbox 1297 509 1366 592; x_wconf 51' lang='lat' dir='ltr'>llic</span> <span class='ocrx_word' id='word_1_16' title='bbox 1466 486 1471 569; x_wconf 84' lang='lat' dir='ltr'>i</span> 
     </span>
    </p>
   </div>
   <div class='ocr_carea' id='block_1_3' title="bbox 266 619 1471 812">
    <p class='ocr_par' dir='ltr' id='par_1_3' title="bbox 266 619 1471 812">
     <span class='ocr_line' id='line_1_3' title="bbox 267 619 1471 700; baseline -0.003 -15"><span class='ocrx_word' id='word_1_17' title='bbox 267 622 450 700; x_wconf 85' lang='grc' dir='ltr'>Μαρεύαε</span> <span class='ocrx_word' id='word_1_18' title='bbox 478 621 594 700; x_wconf 85' lang='grc' dir='ltr'>ἰετορεῖ</span> <span class='ocrx_word' id='word_1_19' title='bbox 621 619 670 683; x_wconf 83' lang='grc' dir='ltr'>ὅτι</span> <span class='ocrx_word' id='word_1_20' title='bbox 694 620 820 684; x_wconf 87' lang='grc' dir='ltr'>Κνῶπιε</span> <span class='ocrx_word' id='word_1_21' title='bbox 850 622 887 685; x_wconf 88' lang='grc' dir='ltr'>τὸ</span> <span class='ocrx_word' id='word_1_22' title='bbox 915 622 1012 698; x_wconf 85' lang='grc' dir='ltr'>γένοε</span> <span class='ocrx_word' id='word_1_23' title='bbox 1042 621 1164 700; x_wconf 86' lang='grc' dir='ltr'>Κόλχοε</span> <span class='ocrx_word' id='word_1_24' title='bbox 1192 621 1234 685; x_wconf 87' lang='grc' dir='ltr'>εἰε</span> <span class='ocrx_word' id='word_1_25' title='bbox 1255 622 1367 684; x_wconf 82' lang='grc' dir='ltr'>Μοιεδο-</span> <span class='ocrx_word' id='word_1_26' title='bbox 1466 670 1471 681; x_wconf 90' lang='grc'>.</span> 
     </span>
     <span class='ocr_line' id='line_1_4' title="bbox 266 725 1471 812; baseline -0.004 -15"><span class='ocrx_word' id='word_1_27' title='bbox 266 732 336 797; x_wconf 88' lang='grc' dir='ltr'>νίαν</span> <span class='ocrx_word' id='word_1_28' title='bbox 365 731 469 796; x_wconf 84' lang='grc' dir='ltr'>ἐλθὼν</span> <span class='ocrx_word' id='word_1_29' title='bbox 506 731 638 810; x_wconf 88' lang='grc' dir='ltr'>διέτριβε</span> <span class='ocrx_word' id='word_1_30' title='bbox 671 731 759 810; x_wconf 88' lang='grc' dir='ltr'>παρὰ</span> <span class='ocrx_word' id='word_1_31' title='bbox 795 731 943 812; x_wconf 87' lang='grc' dir='ltr'>Κοράνῳ·</span> <span class='ocrx_word' id='word_1_32' title='bbox 988 731 1060 795; x_wconf 85' lang='grc' dir='ltr'>υίοῦ</span> <span class='ocrx_word' id='word_1_33' title='bbox 1088 733 1123 796; x_wconf 84' lang='grc' dir='ltr'>δέ</span> <span class='ocrx_word' id='word_1_34' title='bbox 1149 731 1316 810; x_wconf 83' lang='grc' dir='ltr'>γενομένου</span> <span class='ocrx_word' id='word_1_35' title='bbox 1336 737 1368 812; x_wconf 78' lang='grc' dir='ltr'>τῷ</span> <span class='ocrx_word' id='word_1_36' title='bbox 1469 725 1471 733; x_wconf 76' lang='grc'>’</span> 
     </span>
    </p>
   </div>
   <div class='ocr_carea' id='block_1_4' title="bbox 266 837 1471 1147">
    <p class='ocr_par' dir='ltr' id='par_1_4' title="bbox 266 837 1471 1147">
     <span class='ocr_line' id='line_1_5' title="bbox 268 837 1371 928; baseline 0 -25"><span class='ocrx_word' id='word_1_37' title='bbox 268 841 402 924; x_wconf 87' lang='grc' dir='ltr'>Κοιράνῳ</span> <span class='ocrx_word' id='word_1_38' title='bbox 438 837 509 928; x_wconf 80' lang='grc' dir='ltr'>[καὶ]</span> <span class='ocrx_word' id='word_1_39' title='bbox 545 839 730 920; x_wconf 86' lang='grc' dir='ltr'>βουληθέντι</span> <span class='ocrx_word' id='word_1_40' title='bbox 763 842 820 905; x_wconf 87' lang='grc' dir='ltr'>τὸν</span> <span class='ocrx_word' id='word_1_41' title='bbox 849 845 948 904; x_wconf 85' lang='grc' dir='ltr'>παῖδα</span> <span class='ocrx_word' id='word_1_42' title='bbox 981 840 1046 905; x_wconf 88' lang='grc' dir='ltr'>ἀπὸ</span> <span class='ocrx_word' id='word_1_43' title='bbox 1079 845 1137 905; x_wconf 85' lang='grc' dir='ltr'>τοῦ</span> <span class='ocrx_word' id='word_1_44' title='bbox 1171 841 1250 905; x_wconf 83' lang='grc' dir='ltr'>ἰδίου</span> <span class='ocrx_word' id='word_1_45' title='bbox 1279 842 1371 918; x_wconf 84' lang='grc' dir='ltr'>πυτρὸε</span> 
     </span>
     <span class='ocr_line' id='line_1_6' title="bbox 266 949 1471 1037; baseline -0.002 -22"><span class='ocrx_word' id='word_1_46' title='bbox 266 950 436 1029; x_wconf 84' lang='grc' dir='ltr'>ὀνομάζειν</span> <span class='ocrx_word' id='word_1_47' title='bbox 472 950 630 1030; x_wconf 88' lang='grc' dir='ltr'>Κιρὰρονα</span> <span class='ocrx_word' id='word_1_48' title='bbox 664 949 848 1033; x_wconf 85' lang='grc' dir='ltr'>(Καρὰρονα</span> <span class='ocrx_word' id='word_1_49' title='bbox 877 950 971 1033; x_wconf 84' lang='lat' dir='ltr'>Gud,</span> <span class='ocrx_word' id='word_1_50' title='bbox 1001 952 1154 1017; x_wconf 86' lang='grc' dir='ltr'>Λάκωνοε</span> <span class='ocrx_word' id='word_1_51' title='bbox 1183 949 1284 1014; x_wconf 84' lang='grc' dir='ltr'>Ηιινιι.</span> <span class='ocrx_word' id='word_1_52' title='bbox 1311 949 1372 1037; x_wconf 86' lang='lat' dir='ltr'>[cum</span> <span class='ocrx_word' id='word_1_53' title='bbox 1468 967 1471 975; x_wconf 64' lang='lat'><em>‘</em></span> 
     </span>
     <span class='ocr_line' id='line_1_7' title="bbox 266 1051 1470 1147; baseline -0.001 -25"><span class='ocrx_word' id='word_1_54' title='bbox 266 1059 357 1122; x_wconf 87' lang='lat' dir='ltr'>Bodl.</span> <span class='ocrx_word' id='word_1_55' title='bbox 376 1059 477 1123; x_wconf 78' lang='lat' dir='ltr'>Paria.</span> <span class='ocrx_word' id='word_1_56' title='bbox 503 1058 629 1147; x_wconf 83' lang='lat' dir='ltr'>Brux.])</span> <span class='ocrx_word' id='word_1_57' title='bbox 653 1059 819 1125; x_wconf 71' lang='lat' dir='ltr'>&amp;reiecero</span> <span class='ocrx_word' id='word_1_58' title='bbox 842 1061 861 1140; x_wconf 83' lang='grc' dir='ltr'>ἡ</span> <span class='ocrx_word' id='word_1_59' title='bbox 884 1063 1055 1140; x_wconf 84' lang='grc' dir='ltr'>μήτηρκαὶ</span> <span class='ocrx_word' id='word_1_60' title='bbox 1078 1061 1156 1138; x_wconf 86' lang='grc' dir='ltr'>αὕτη</span> <span class='ocrx_word' id='word_1_61' title='bbox 1182 1060 1285 1147; x_wconf 67' lang='lat' dir='ltr'>[imme</span> <span class='ocrx_word' id='word_1_62' title='bbox 1303 1058 1372 1146; x_wconf 78' lang='grc' dir='ltr'>ιιίιτὴ]</span> <span class='ocrx_word' id='word_1_63' title='bbox 1467 1051 1470 1121; x_wconf 70' lang='lat' dir='ltr'>J</span> 
     </span>
    </p>
   </div>
   <div class='ocr_carea' id='block_1_5' title="bbox 267 1170 1470 1251">
    <p class='ocr_par' dir='ltr' id='par_1_5' title="bbox 267 1170 1470 1251">
     <span class='ocr_line' id='line_1_8' title="bbox 267 1170 1470 1251; baseline -0.002 -17"><span class='ocrx_word' id='word_1_64' title='bbox 267 1171 332 1235; x_wconf 87' lang='grc' dir='ltr'>ἀπὸ</span> <span class='ocrx_word' id='word_1_65' title='bbox 365 1174 422 1234; x_wconf 85' lang='grc' dir='ltr'>τοῦ</span> <span class='ocrx_word' id='word_1_66' title='bbox 462 1170 543 1234; x_wconf 83' lang='grc' dir='ltr'>ἰδίου</span> <span class='ocrx_word' id='word_1_67' title='bbox 578 1171 699 1251; x_wconf 72' lang='grc' dir='ltr'>πατρὸς</span> <span class='ocrx_word' id='word_1_68' title='bbox 739 1171 953 1250; x_wconf 84' lang='grc' dir='ltr'>ὀνομαεθῆναι</span> <span class='ocrx_word' id='word_1_69' title='bbox 990 1172 1046 1236; x_wconf 89' lang='grc' dir='ltr'>τὸν</span> <span class='ocrx_word' id='word_1_70' title='bbox 1085 1175 1184 1235; x_wconf 85' lang='grc' dir='ltr'>παῖδα</span> <span class='ocrx_word' id='word_1_71' title='bbox 1217 1172 1374 1250; x_wconf 78' lang='grc' dir='ltr'>βουλομένη.</span> <span class='ocrx_word' id='word_1_72' title='bbox 1468 1179 1470 1232; x_wconf 69' lang='grc' dir='ltr'>ξ</span> 
     </span>
    </p>
   </div>
   <div class='ocr_carea' id='block_1_6' title="bbox 266 1279 1469 4110">
    <p class='ocr_par' dir='ltr' id='par_1_6' title="bbox 266 1279 1469 3430">
     <span class='ocr_line' id='line_1_9' title="bbox 268 1279 1469 1364; baseline -0.001 -21"><span class='ocrx_word' id='word_1_73' title='bbox 268 1282 394 1344; x_wconf 83' lang='grc' dir='ltr'>Κνῶττιε</span> <span class='ocrx_word' id='word_1_74' title='bbox 416 1281 450 1343; x_wconf 81' lang='grc' dir='ltr'>δ’</span> <span class='ocrx_word' id='word_1_75' title='bbox 474 1280 640 1359; x_wconf 85' lang='grc' dir='ltr'>έριυτηθεὶε</span> <span class='ocrx_word' id='word_1_76' title='bbox 664 1279 734 1345; x_wconf 82' lang='grc' dir='ltr'>εἰπε</span> <span class='ocrx_word' id='word_1_77' title='bbox 756 1281 929 1360; x_wconf 84' lang='grc' dir='ltr'>μηδετέρου</span> <span class='ocrx_word' id='word_1_78' title='bbox 957 1281 1046 1364; x_wconf 77' lang='grc' dir='ltr'>(μηδ’</span> <span class='ocrx_word' id='word_1_79' title='bbox 1067 1281 1181 1360; x_wconf 89' lang='grc' dir='ltr'>ἑτέρου</span> <span class='ocrx_word' id='word_1_80' title='bbox 1197 1280 1298 1364; x_wconf 83' lang='lat' dir='ltr'>vulgo)</span> <span class='ocrx_word' id='word_1_81' title='bbox 1317 1279 1376 1343; x_wconf 81' lang='lat' dir='ltr'>tro·</span> <span class='ocrx_word' id='word_1_82' title='bbox 1468 1329 1469 1332; x_wconf 16' lang='grc' dir='ltr'>τ</span> 
     </span>
     <span class='ocr_line' id='line_1_10' title="bbox 266 1386 1377 1474; baseline -0.006 -19"><span class='ocrx_word' id='word_1_83' title='bbox 266 1391 411 1469; x_wconf 67' lang='lat' dir='ltr'>peterem</span> <span class='ocrx_word' id='word_1_84' title='bbox 444 1390 557 1456; x_wconf 89' lang='grc' dir='ltr'>αὐτόν·</span> <span class='ocrx_word' id='word_1_85' title='bbox 593 1391 704 1469; x_wconf 88' lang='grc' dir='ltr'>διόπερ</span> <span class='ocrx_word' id='word_1_86' title='bbox 741 1392 855 1456; x_wconf 85' lang='grc' dir='ltr'>Κοῖνοε</span> <span class='ocrx_word' id='word_1_87' title='bbox 889 1390 1012 1473; x_wconf 84' lang='grc' dir='ltr'>(Κοινὸε</span> <span class='ocrx_word' id='word_1_88' title='bbox 1039 1391 1145 1474; x_wconf 82' lang='lat' dir='ltr'>vulgo)</span> <span class='ocrx_word' id='word_1_89' title='bbox 1182 1392 1296 1469; x_wconf 84' lang='grc' dir='ltr'>ἐκλήθη.</span> <span class='ocrx_word' id='word_1_90' title='bbox 1336 1386 1377 1450; x_wconf 73' lang='lat' dir='ltr'>Ad</span> 
     </span>
     <span class='ocr_line' id='line_1_11' title="bbox 268 1499 1378 1582; baseline -0.006 -17"><span class='ocrx_word' id='word_1_91' title='bbox 268 1499 427 1565; x_wconf 81' lang='lat' dir='ltr'>Caranum</span> <span class='ocrx_word' id='word_1_92' title='bbox 450 1504 606 1582; x_wconf 79' lang='lat' dir='ltr'>spectare,</span> <span class='ocrx_word' id='word_1_93' title='bbox 631 1522 696 1563; x_wconf 88' lang='grc' dir='ltr'>ιιοιι</span> <span class='ocrx_word' id='word_1_94' title='bbox 712 1501 752 1562; x_wconf 88' lang='lat' dir='ltr'>ad</span> <span class='ocrx_word' id='word_1_95' title='bbox 767 1499 869 1562; x_wconf 87' lang='lat' dir='ltr'>filium</span> <span class='ocrx_word' id='word_1_96' title='bbox 891 1500 956 1564; x_wconf 81' lang='grc' dir='ltr'>ἀπὸ</span> <span class='ocrx_word' id='word_1_97' title='bbox 979 1504 1039 1564; x_wconf 86' lang='grc' dir='ltr'>τοῦ</span> <span class='ocrx_word' id='word_1_98' title='bbox 1062 1500 1142 1564; x_wconf 81' lang='grc' dir='ltr'>ἰδίου</span> <span class='ocrx_word' id='word_1_99' title='bbox 1165 1501 1282 1579; x_wconf 87' lang='grc' dir='ltr'>πατρόε</span> <span class='ocrx_word' id='word_1_100' title='bbox 1300 1499 1378 1560; x_wconf 82' lang='lat' dir='ltr'>verbe</span> 
     </span>
     <span class='ocr_line' id='line_1_12' title="bbox 267 1595 1467 1693; baseline -0.002 -22"><span class='ocrx_word' id='word_1_101' title='bbox 267 1610 384 1693; x_wconf 81' lang='lat' dir='ltr'>priora,</span> <span class='ocrx_word' id='word_1_102' title='bbox 410 1610 579 1673; x_wconf 88' lang='lat' dir='ltr'>eorundem</span> <span class='ocrx_word' id='word_1_103' title='bbox 602 1609 688 1672; x_wconf 86' lang='lat' dir='ltr'>infra</span> <span class='ocrx_word' id='word_1_104' title='bbox 717 1609 755 1672; x_wconf 91' lang='lat' dir='ltr'>de</span> <span class='ocrx_word' id='word_1_105' title='bbox 778 1611 880 1672; x_wconf 79' lang='lat' dir='ltr'>melre</span> <span class='ocrx_word' id='word_1_106' title='bbox 907 1609 1055 1692; x_wconf 85' lang='lat' dir='ltr'>repetitio</span> <span class='ocrx_word' id='word_1_107' title='bbox 1079 1610 1196 1693; x_wconf 81' lang='lat' dir='ltr'>arguit.</span> <span class='ocrx_word' id='word_1_108' title='bbox 1241 1607 1378 1672; x_wconf 77' lang='lat' dir='ltr'>Aristode·</span> <span class='ocrx_word' id='word_1_109' title='bbox 1463 1595 1467 1614; x_wconf 86' lang='lat'>&#39;</span> 
     </span>
     <span class='ocr_line' id='line_1_13' title="bbox 266 1718 1378 1803; baseline -0.003 -21"><span class='ocrx_word' id='word_1_110' title='bbox 266 1721 386 1783; x_wconf 85' lang='lat' dir='ltr'>midam</span> <span class='ocrx_word' id='word_1_111' title='bbox 414 1724 521 1783; x_wconf 84' lang='lat' dir='ltr'>autem</span> <span class='ocrx_word' id='word_1_112' title='bbox 544 1741 562 1781; x_wconf 88' lang='lat' dir='ltr'>a</span> <span class='ocrx_word' id='word_1_113' title='bbox 585 1719 724 1782; x_wconf 89' lang='lat' dir='ltr'>Diodoro</span> <span class='ocrx_word' id='word_1_114' title='bbox 751 1719 1033 1803; x_wconf 66' lang='lat' dir='ltr'>Theopompoque7</span> <span class='ocrx_word' id='word_1_115' title='bbox 1067 1719 1109 1782; x_wconf 89' lang='lat' dir='ltr'>ab</span> <span class='ocrx_word' id='word_1_116' title='bbox 1137 1719 1208 1782; x_wconf 84' lang='lat' dir='ltr'>aliie</span> <span class='ocrx_word' id='word_1_117' title='bbox 1231 1718 1378 1781; x_wconf 84' lang='lat' dir='ltr'>Poeantem</span> 
     </span>
     <span class='ocr_line' id='line_1_14' title="bbox 268 1827 1379 1913; baseline -0.004 -21"><span class='ocrx_word' id='word_1_118' title='bbox 268 1829 427 1913; x_wconf 81' lang='lat' dir='ltr'>perhiberi</span> <span class='ocrx_word' id='word_1_119' title='bbox 451 1829 568 1894; x_wconf 69' lang='lat' dir='ltr'>Uareni</span> <span class='ocrx_word' id='word_1_120' title='bbox 591 1832 716 1912; x_wconf 87' lang='lat' dir='ltr'>patrem</span> <span class='ocrx_word' id='word_1_121' title='bbox 738 1827 903 1912; x_wconf 79' lang='lat' dir='ltr'>Syncellus</span> <span class='ocrx_word' id='word_1_122' title='bbox 926 1831 1063 1891; x_wconf 82' lang='lat' dir='ltr'>testatur</span> <span class='ocrx_word' id='word_1_123' title='bbox 1085 1851 1116 1912; x_wconf 91' lang='lat' dir='ltr'>p.</span> <span class='ocrx_word' id='word_1_124' title='bbox 1133 1829 1196 1892; x_wconf 76' lang='lat'>262</span> <span class='ocrx_word' id='word_1_125' title='bbox 1212 1834 1236 1892; x_wconf 82' lang='lat' dir='ltr'><em>C</em></span> <span class='ocrx_word' id='word_1_126' title='bbox 1255 1828 1300 1892; x_wconf 89' lang='lat' dir='ltr'>ed.</span> <span class='ocrx_word' id='word_1_127' title='bbox 1320 1827 1379 1891; x_wconf 87' lang='lat' dir='ltr'>Par.</span> 
     </span>
     <span class='ocr_line' id='line_1_15' title="bbox 269 1937 1380 2026; baseline -0.002 -25"><span class='ocrx_word' id='word_1_128' title='bbox 269 1938 342 2025; x_wconf 78' lang='grc'><strong>[499</strong></span> <span class='ocrx_word' id='word_1_129' title='bbox 370 1937 506 2026; x_wconf 65' lang='lat' dir='ltr'>Bonnd,</span> <span class='ocrx_word' id='word_1_130' title='bbox 541 1942 577 2002; x_wconf 83' lang='lat' dir='ltr'>ut</span> <span class='ocrx_word' id='word_1_131' title='bbox 613 1939 651 2001; x_wconf 88' lang='lat' dir='ltr'>de</span> <span class='ocrx_word' id='word_1_132' title='bbox 683 1940 842 2018; x_wconf 86' lang='grc' dir='ltr'>Κιρὰρονα</span> <span class='ocrx_word' id='word_1_133' title='bbox 877 1937 1089 2020; x_wconf 75' lang='grc' dir='ltr'>(Καράνοραί)</span> <span class='ocrx_word' id='word_1_134' title='bbox 1128 1960 1240 2022; x_wconf 84' lang='lat' dir='ltr'>parum</span> <span class='ocrx_word' id='word_1_135' title='bbox 1271 1939 1380 2022; x_wconf 82' lang='lat' dir='ltr'>liqueat.</span> 
     </span>
     <span class='ocr_line' id='line_1_16' title="bbox 269 2047 1381 2135; baseline -0.004 -23"><span class='ocrx_word' id='word_1_136' title='bbox 269 2047 328 2135; x_wconf 85' lang='lat' dir='ltr'>[De</span> <span class='ocrx_word' id='word_1_137' title='bbox 359 2049 531 2127; x_wconf 87' lang='grc' dir='ltr'>Κυλλάριυν</span> <span class='ocrx_word' id='word_1_138' title='bbox 568 2050 618 2111; x_wconf 88' lang='lat' dir='ltr'>vel</span> <span class='ocrx_word' id='word_1_139' title='bbox 649 2051 842 2129; x_wconf 89' lang='grc' dir='ltr'>Κυλλάβρων</span> <span class='ocrx_word' id='word_1_140' title='bbox 875 2048 1004 2111; x_wconf 87' lang='lat' dir='ltr'>nomine</span> <span class='ocrx_word' id='word_1_141' title='bbox 1036 2047 1207 2112; x_wconf 81' lang='lat' dir='ltr'>Muellerus</span> <span class='ocrx_word' id='word_1_142' title='bbox 1241 2048 1381 2132; x_wconf 78' lang='lat' dir='ltr'>cogitabat</span> 
     </span>
     <span class='ocr_line' id='line_1_17' title="bbox 267 2157 1382 2242; baseline -0.004 -20"><span class='ocrx_word' id='word_1_143' title='bbox 267 2182 298 2242; x_wconf 90' lang='lat' dir='ltr'>p.</span> <span class='ocrx_word' id='word_1_144' title='bbox 323 2159 375 2241; x_wconf 77' lang='lat'>4⁶2,</span> <span class='ocrx_word' id='word_1_145' title='bbox 400 2160 483 2242; x_wconf 87' lang='lat' dir='ltr'>quod</span> <span class='ocrx_word' id='word_1_146' title='bbox 506 2159 558 2222; x_wconf 82' lang='lat' dir='ltr'>vix</span> <span class='ocrx_word' id='word_1_147' title='bbox 582 2158 642 2221; x_wconf 84' lang='lat' dir='ltr'>erit</span> <span class='ocrx_word' id='word_1_148' title='bbox 665 2159 715 2221; x_wconf 87' lang='lat' dir='ltr'>cui</span> <span class='ocrx_word' id='word_1_149' title='bbox 737 2159 874 2241; x_wconf 82' lang='lat' dir='ltr'>placcat.</span> <span class='ocrx_word' id='word_1_150' title='bbox 906 2157 1077 2223; x_wconf 77' lang='lat' dir='ltr'>subtiliore</span> <span class='ocrx_word' id='word_1_151' title='bbox 1100 2160 1279 2222; x_wconf 86' lang='lat' dir='ltr'>coniectura</span> <span class='ocrx_word' id='word_1_152' title='bbox 1301 2178 1382 2239; x_wconf 86' lang='lat' dir='ltr'>nuper</span> 
     </span>
     <span class='ocr_line' id='line_1_18' title="bbox 268 2267 1383 2352; baseline -0.004 -20"><span class='ocrx_word' id='word_1_153' title='bbox 268 2268 507 2333; x_wconf 81' lang='lat' dir='ltr'>Gutsehnridius</span> <span class='ocrx_word' id='word_1_154' title='bbox 535 2291 608 2332; x_wconf 85' lang='lat' dir='ltr'>usus</span> <span class='ocrx_word' id='word_1_155' title='bbox 638 2267 806 2351; x_wconf 77' lang='lat' dir='ltr'>Symbolae</span> <span class='ocrx_word' id='word_1_156' title='bbox 834 2267 944 2352; x_wconf 90' lang='lat' dir='ltr'>philol.</span> <span class='ocrx_word' id='word_1_157' title='bbox 974 2267 1078 2332; x_wconf 86' lang='lat' dir='ltr'><strong>Bonn.</strong></span> <span class='ocrx_word' id='word_1_158' title='bbox 1107 2291 1139 2351; x_wconf 92' lang='lat' dir='ltr'>p.</span> <span class='ocrx_word' id='word_1_159' title='bbox 1165 2268 1226 2331; x_wconf 82' lang='lat'>129</span> <span class='ocrx_word' id='word_1_160' title='bbox 1252 2268 1307 2330; x_wconf 83' lang='lat' dir='ltr'>lali</span> <span class='ocrx_word' id='word_1_161' title='bbox 1330 2268 1383 2330; x_wconf 85' lang='lat' dir='ltr'>lere</span> 
     </span>
     <span class='ocr_line' id='line_1_19' title="bbox 269 2377 1383 2462; baseline -0.003 -20"><span class='ocrx_word' id='word_1_162' title='bbox 269 2381 411 2462; x_wconf 86' lang='lat' dir='ltr'>exemplo</span> <span class='ocrx_word' id='word_1_163' title='bbox 441 2379 592 2442; x_wconf 79' lang='lat' dir='ltr'>lacunosa</span> <span class='ocrx_word' id='word_1_164' title='bbox 621 2377 769 2441; x_wconf 81' lang='lat' dir='ltr'>videlicet</span> <span class='ocrx_word' id='word_1_165' title='bbox 797 2379 894 2441; x_wconf 85' lang='lat' dir='ltr'>verba</span> <span class='ocrx_word' id='word_1_166' title='bbox 923 2377 1133 2442; x_wconf 78' lang='lat' dir='ltr'>instauranda</span> <span class='ocrx_word' id='word_1_167' title='bbox 1165 2379 1301 2462; x_wconf 79' lang='lat' dir='ltr'>putavit:</span> <span class='ocrx_word' id='word_1_168' title='bbox 1333 2377 1383 2441; x_wconf 80' lang='grc' dir='ltr'>ἀπὸ</span> 
     </span>
     <span class='ocr_line' id='line_1_20' title="bbox 267 2487 1383 2572; baseline -0.004 -18"><span class='ocrx_word' id='word_1_169' title='bbox 267 2495 326 2554; x_wconf 85' lang='grc' dir='ltr'>τοῦ</span> <span class='ocrx_word' id='word_1_170' title='bbox 350 2490 431 2554; x_wconf 88' lang='grc' dir='ltr'>ἰδίου</span> <span class='ocrx_word' id='word_1_171' title='bbox 455 2491 577 2569; x_wconf 68' lang='grc' dir='ltr'>πατρὸς</span> <span class='ocrx_word' id='word_1_172' title='bbox 601 2489 769 2568; x_wconf 81' lang='grc' dir='ltr'>ὀνομάζειν</span> <span class='ocrx_word' id='word_1_173' title='bbox 798 2489 995 2569; x_wconf 86' lang='grc' dir='ltr'>Κάρρονα·</span> <span class='ocrx_word' id='word_1_174' title='bbox 1026 2489 1142 2572; x_wconf 84' lang='grc' dir='ltr'>[οὕτωε</span> <span class='ocrx_word' id='word_1_175' title='bbox 1171 2491 1207 2554; x_wconf 84' lang='grc' dir='ltr'>δέ</span> <span class='ocrx_word' id='word_1_176' title='bbox 1228 2490 1284 2554; x_wconf 91' lang='grc' dir='ltr'>τὸν</span> <span class='ocrx_word' id='word_1_177' title='bbox 1306 2487 1383 2567; x_wconf 78' lang='grc' dir='ltr'>κρείτ·</span> 
     </span>
     <span class='ocr_line' id='line_1_21' title="bbox 269 2597 1384 2682; baseline -0.004 -19"><span class='ocrx_word' id='word_1_178' title='bbox 269 2621 346 2663; x_wconf 87' lang='grc' dir='ltr'>εονα</span> <span class='ocrx_word' id='word_1_179' title='bbox 369 2600 572 2682; x_wconf 82' lang='grc' dir='ltr'>ὀνομάζουει]</span> <span class='ocrx_word' id='word_1_180' title='bbox 597 2600 762 2664; x_wconf 83' lang='grc' dir='ltr'>Λάκωνετ·</span> <span class='ocrx_word' id='word_1_181' title='bbox 792 2599 958 2663; x_wconf 85' lang='grc' dir='ltr'>ἀνθίετατο</span> <span class='ocrx_word' id='word_1_182' title='bbox 980 2599 1000 2676; x_wconf 85' lang='grc' dir='ltr'><strong>ἡ</strong></span> <span class='ocrx_word' id='word_1_183' title='bbox 1023 2599 1144 2682; x_wconf 84' lang='grc' dir='ltr'>μήτηρ]</span> <span class='ocrx_word' id='word_1_184' title='bbox 1190 2597 1273 2661; x_wconf 89' lang='lat' dir='ltr'>Nam</span> <span class='ocrx_word' id='word_1_185' title='bbox 1295 2597 1384 2662; x_wconf 81' lang='lat' dir='ltr'>indci-</span> 
     </span>
     <span class='ocr_line' id='line_1_22' title="bbox 267 2707 1383 2793; baseline -0.005 -21"><span class='ocrx_word' id='word_1_186' title='bbox 267 2730 371 2774; x_wconf 88' lang='grc' dir='ltr'>κωνοε</span> <span class='ocrx_word' id='word_1_187' title='bbox 400 2713 436 2772; x_wconf 86' lang='lat' dir='ltr'>ut</span> <span class='ocrx_word' id='word_1_188' title='bbox 462 2709 578 2792; x_wconf 78' lang='lat' dir='ltr'>lateat,</span> <span class='ocrx_word' id='word_1_189' title='bbox 607 2708 690 2793; x_wconf 90' lang='lat' dir='ltr'>quod</span> <span class='ocrx_word' id='word_1_190' title='bbox 719 2730 784 2771; x_wconf 90' lang='grc' dir='ltr'>ιιοιι</span> <span class='ocrx_word' id='word_1_191' title='bbox 812 2711 860 2770; x_wconf 84' lang='lat' dir='ltr'>cst</span> <span class='ocrx_word' id='word_1_192' title='bbox 887 2707 953 2770; x_wconf 86' lang='lat' dir='ltr'>veri</span> <span class='ocrx_word' id='word_1_193' title='bbox 983 2707 1197 2791; x_wconf 82' lang='lat' dir='ltr'>simillimum,</span> <span class='ocrx_word' id='word_1_194' title='bbox 1227 2709 1383 2773; x_wconf 86' lang='grc' dir='ltr'>Φείδωνοι;</span> 
     </span>
     <span class='ocr_line' id='line_1_23' title="bbox 268 2815 1385 2903; baseline -0.005 -22"><span class='ocrx_word' id='word_1_195' title='bbox 268 2819 321 2903; x_wconf 87' lang='lat' dir='ltr'>qui</span> <span class='ocrx_word' id='word_1_196' title='bbox 344 2819 445 2882; x_wconf 87' lang='lat' dir='ltr'>Phido</span> <span class='ocrx_word' id='word_1_197' title='bbox 475 2820 534 2881; x_wconf 76' lang='lat' dir='ltr'>etei</span> <span class='ocrx_word' id='word_1_198' title='bbox 557 2841 622 2882; x_wconf 85' lang='lat' dir='ltr'>non</span> <span class='ocrx_word' id='word_1_199' title='bbox 645 2819 722 2900; x_wconf 86' lang='lat' dir='ltr'>fuit,</span> <span class='ocrx_word' id='word_1_200' title='bbox 752 2818 851 2881; x_wconf 92' lang='lat' dir='ltr'>videri</span> <span class='ocrx_word' id='word_1_201' title='bbox 880 2821 964 2882; x_wconf 87' lang='lat' dir='ltr'>certa</span> <span class='ocrx_word' id='word_1_202' title='bbox 992 2820 1085 2901; x_wconf 84' lang='lat' dir='ltr'>pater</span> <span class='ocrx_word' id='word_1_203' title='bbox 1112 2818 1289 2902; x_wconf 80' lang='lat' dir='ltr'>significari</span> <span class='ocrx_word' id='word_1_204' title='bbox 1309 2815 1385 2880; x_wconf 83' lang='lat' dir='ltr'>facilc</span> 
     </span>
     <span class='ocr_line' id='line_1_24' title="bbox 269 2927 1385 3012; baseline -0.004 -22"><span class='ocrx_word' id='word_1_205' title='bbox 269 2930 373 3011; x_wconf 79' lang='lat' dir='ltr'>potuit·</span> <span class='ocrx_word' id='word_1_206' title='bbox 399 2929 459 2992; x_wconf 87' lang='lat' dir='ltr'>hac</span> <span class='ocrx_word' id='word_1_207' title='bbox 488 2928 614 3012; x_wconf 80' lang='lat' dir='ltr'>quiclem</span> <span class='ocrx_word' id='word_1_208' title='bbox 642 2928 725 3011; x_wconf 84' lang='lat' dir='ltr'>apud</span> <span class='ocrx_word' id='word_1_209' title='bbox 749 2927 931 3011; x_wconf 82' lang='lat' dir='ltr'>Syneellum</span> <span class='ocrx_word' id='word_1_210' title='bbox 958 2929 1125 2991; x_wconf 87' lang='lat' dir='ltr'>verborum</span> <span class='ocrx_word' id='word_1_211' title='bbox 1155 2928 1385 2992; x_wconf 84' lang='lat' dir='ltr'>conforrnatione</span> 
     </span>
     <span class='ocr_line' id='line_1_25' title="bbox 271 3037 1386 3122; baseline -0.005 -20"><span class='ocrx_word' id='word_1_212' title='bbox 271 3040 414 3117; x_wconf 70' lang='grc' dir='ltr'>Κάρανος</span> <span class='ocrx_word' id='word_1_213' title='bbox 447 3037 611 3104; x_wconf 87' lang='grc' dir='ltr'>Φείδωνοε</span> <span class='ocrx_word' id='word_1_214' title='bbox 653 3038 698 3122; x_wconf 78' lang='lat' dir='ltr'>(h.</span> <span class='ocrx_word' id='word_1_215' title='bbox 735 3060 762 3101; x_wconf 88' lang='lat' dir='ltr'>e.</span> <span class='ocrx_word' id='word_1_216' title='bbox 797 3038 953 3122; x_wconf 79' lang='grc' dir='ltr'>ἀδελφόε)</span> <span class='ocrx_word' id='word_1_217' title='bbox 989 3043 1048 3103; x_wconf 86' lang='grc' dir='ltr'>τοῦ</span> <span class='ocrx_word' id='word_1_218' title='bbox 1081 3039 1314 3117; x_wconf 85' lang='grc' dir='ltr'>Ἀριετοδομίδυ</span> <span class='ocrx_word' id='word_1_219' title='bbox 1342 3039 1386 3099; x_wconf 78' lang='grc' dir='ltr'>τοῦ</span> 
     </span>
     <span class='ocr_line' id='line_1_26' title="bbox 271 3147 1387 3231; baseline -0.007 -16"><span class='ocrx_word' id='word_1_220' title='bbox 271 3149 426 3225; x_wconf 86' lang='grc' dir='ltr'>Μέροποε</span> <span class='ocrx_word' id='word_1_221' title='bbox 459 3169 485 3211; x_wconf 91' lang='lat' dir='ltr'>c.</span> <span class='ocrx_word' id='word_1_222' title='bbox 516 3171 546 3231; x_wconf 89' lang='lat' dir='ltr'>q.</span> <span class='ocrx_word' id='word_1_223' title='bbox 576 3171 618 3211; x_wconf 72' lang='lat' dir='ltr'>a:</span> <span class='ocrx_word' id='word_1_224' title='bbox 654 3148 755 3211; x_wconf 87' lang='lat' dir='ltr'>nihilo</span> <span class='ocrx_word' id='word_1_225' title='bbox 789 3152 898 3210; x_wconf 88' lang='lat' dir='ltr'>tamen</span> <span class='ocrx_word' id='word_1_226' title='bbox 930 3147 1034 3230; x_wconf 84' lang='lat' dir='ltr'>magis</span> <span class='ocrx_word' id='word_1_227' title='bbox 1068 3148 1237 3231; x_wconf 77' lang='lat' dir='ltr'>quicquam</span> <span class='ocrx_word' id='word_1_228' title='bbox 1266 3169 1333 3210; x_wconf 90' lang='lat' dir='ltr'>cum</span> <span class='ocrx_word' id='word_1_229' title='bbox 1360 3165 1387 3206; x_wconf 84' lang='grc' dir='ltr'>ευ</span> 
     </span>
     <span class='ocr_line' id='line_1_27' title="bbox 270 3257 1386 3342; baseline -0.002 -24"><span class='ocrx_word' id='word_1_230' title='bbox 270 3257 398 3320; x_wconf 85' lang='lat' dir='ltr'>nornine</span> <span class='ocrx_word' id='word_1_231' title='bbox 440 3261 547 3340; x_wconf 83' lang='lat' dir='ltr'>polest</span> <span class='ocrx_word' id='word_1_232' title='bbox 582 3258 733 3342; x_wconf 81' lang='lat' dir='ltr'>vulgatae</span> <span class='ocrx_word' id='word_1_233' title='bbox 771 3258 805 3320; x_wconf 90' lang='lat' dir='ltr'>in</span> <span class='ocrx_word' id='word_1_234' title='bbox 843 3257 1074 3340; x_wconf 82' lang='lat' dir='ltr'>Etynrologicis</span> <span class='ocrx_word' id='word_1_235' title='bbox 1112 3257 1290 3340; x_wconf 70' lang='lat' dir='ltr'>scripturae</span> <span class='ocrx_word' id='word_1_236' title='bbox 1323 3276 1386 3320; x_wconf 85' lang='lat' dir='ltr'>ccur-</span> 
     </span>
     <span class='ocr_line' id='line_1_28' title="bbox 270 3389 464 3430; baseline 0 0"><span class='ocrx_word' id='word_1_237' title='bbox 270 3389 364 3430; x_wconf 85' lang='grc' dir='ltr'>ιιιιιιιο</span> <span class='ocrx_word' id='word_1_238' title='bbox 389 3389 464 3430; x_wconf 84' lang='lat' dir='ltr'>esse.</span> 
     </span>
    </p>

    <p class='ocr_par' dir='ltr' id='par_1_7' title="bbox 270 3476 1388 4110">
     <span class='ocr_line' id='line_1_29' title="bbox 355 3476 1387 3561; baseline -0.007 -22"><span class='ocrx_word' id='word_1_239' title='bbox 355 3477 429 3561; x_wconf 73' lang='lat' dir='ltr'>(lv)</span> <span class='ocrx_word' id='word_1_240' title='bbox 468 3477 515 3540; x_wconf 90' lang='lat' dir='ltr'>De</span> <span class='ocrx_word' id='word_1_241' title='bbox 549 3477 706 3540; x_wconf 78' lang='lat' dir='ltr'>undecimi</span> <span class='ocrx_word' id='word_1_242' title='bbox 741 3478 826 3560; x_wconf 79' lang='lat' dir='ltr'>regia</span> <span class='ocrx_word' id='word_1_243' title='bbox 855 3477 1025 3541; x_wconf 81' lang='lat' dir='ltr'>Perdiccae</span> <span class='ocrx_word' id='word_1_244' title='bbox 1048 3477 1080 3541; x_wconf 94' lang='grc' dir='ltr'>Π</span> <span class='ocrx_word' id='word_1_245' title='bbox 1108 3479 1214 3540; x_wconf 82' lang='lat' dir='ltr'>aetate</span> <span class='ocrx_word' id='word_1_246' title='bbox 1242 3476 1387 3559; x_wconf 83' lang='lat' dir='ltr'>disputans</span> 
     </span>
     <span class='ocr_line' id='line_1_30' title="bbox 270 3586 1388 3668; baseline -0.004 -20"><span class='ocrx_word' id='word_1_247' title='bbox 270 3587 456 3650; x_wconf 82' lang='lat' dir='ltr'>Athenaeus</span> <span class='ocrx_word' id='word_1_248' title='bbox 478 3586 506 3648; x_wconf 89' lang='lat' dir='ltr'>V</span> <span class='ocrx_word' id='word_1_249' title='bbox 529 3609 560 3668; x_wconf 91' lang='lat' dir='ltr'>p.</span> <span class='ocrx_word' id='word_1_250' title='bbox 577 3588 638 3650; x_wconf 79' lang='lat'>217</span> <span class='ocrx_word' id='word_1_251' title='bbox 663 3593 697 3650; x_wconf 83' lang='grc' dir='ltr'>Ι).</span> <span class='ocrx_word' id='word_1_252' title='bbox 723 3592 750 3649; x_wconf 83' lang='grc' dir='ltr'><em>Ε</em></span> <span class='ocrx_word' id='word_1_253' title='bbox 774 3587 991 3666; x_wconf 87' lang='grc' dir='ltr'>Περδίκκαε</span> <span class='ocrx_word' id='word_1_254' title='bbox 1014 3587 1123 3652; x_wconf 89' lang='grc' dir='ltr'>τοίνυν</span> <span class='ocrx_word' id='word_1_255' title='bbox 1148 3586 1194 3648; x_wconf 85' lang='lat' dir='ltr'>ait</span> <span class='ocrx_word' id='word_1_256' title='bbox 1215 3588 1280 3666; x_wconf 88' lang='grc' dir='ltr'>πρὸ</span> <span class='ocrx_word' id='word_1_257' title='bbox 1303 3587 1388 3664; x_wconf 80' lang='grc' dir='ltr'>Ἀρχε·</span> 
     </span>
     <span class='ocr_line' id='line_1_31' title="bbox 271 3687 1388 3777; baseline -0.005 -18"><span class='ocrx_word' id='word_1_258' title='bbox 271 3698 351 3760; x_wconf 86' lang='grc' dir='ltr'>λάου</span> <span class='ocrx_word' id='word_1_259' title='bbox 380 3698 550 3777; x_wconf 80' lang='grc' dir='ltr'>βαειλεύει,</span> <span class='ocrx_word' id='word_1_260' title='bbox 580 3698 624 3760; x_wconf 75' lang='lat' dir='ltr'>dc</span> <span class='ocrx_word' id='word_1_261' title='bbox 652 3699 709 3774; x_wconf 84' lang='grc' dir='ltr'>μέν</span> <span class='ocrx_word' id='word_1_262' title='bbox 733 3698 751 3761; x_wconf 89' lang='grc' dir='ltr'>ὁ</span> <span class='ocrx_word' id='word_1_263' title='bbox 774 3698 936 3763; x_wconf 73' lang='grc' dir='ltr'>Ἀκὰνθιόε</span> <span class='ocrx_word' id='word_1_264' title='bbox 959 3717 1033 3776; x_wconf 82' lang='grc' dir='ltr'>φηει</span> <span class='ocrx_word' id='word_1_265' title='bbox 1058 3697 1250 3776; x_wconf 86' lang='grc' dir='ltr'>Νικομήδηε,</span> <span class='ocrx_word' id='word_1_266' title='bbox 1272 3696 1322 3773; x_wconf 85' lang='grc' dir='ltr'>έιη</span> <span class='ocrx_word' id='word_1_267' title='bbox 1341 3687 1388 3770; x_wconf 80' lang='grc' dir='ltr'>μα’.</span> 
     </span>
     <span class='ocr_line' id='line_1_32' title="bbox 271 3799 1388 3885; baseline -0.007 -15"><span class='ocrx_word' id='word_1_268' title='bbox 271 3807 465 3884; x_wconf 86' lang='grc' dir='ltr'>Θεόπομποε</span> <span class='ocrx_word' id='word_1_269' title='bbox 494 3809 529 3871; x_wconf 82' lang='grc' dir='ltr'>δὲ</span> <span class='ocrx_word' id='word_1_270' title='bbox 552 3804 607 3883; x_wconf 77' lang='grc' dir='ltr'>λε’,</span> <span class='ocrx_word' id='word_1_271' title='bbox 635 3808 834 3885; x_wconf 80' lang='grc' dir='ltr'>Ἀναξιμένηε</span> <span class='ocrx_word' id='word_1_272' title='bbox 857 3807 897 3885; x_wconf 87' lang='grc' dir='ltr'>μ’,</span> <span class='ocrx_word' id='word_1_273' title='bbox 926 3808 1110 3885; x_wconf 87' lang='grc' dir='ltr'>Ἱερώνυμοε</span> <span class='ocrx_word' id='word_1_274' title='bbox 1132 3799 1194 3884; x_wconf 81' lang='grc' dir='ltr'>κη’,</span> <span class='ocrx_word' id='word_1_275' title='bbox 1225 3803 1388 3885; x_wconf 84' lang='grc' dir='ltr'>Μαρειίιιτ</span> 
     </span>
     <span class='ocr_line' id='line_1_33' title="bbox 271 3909 1387 3995; baseline -0.007 -16"><span class='ocrx_word' id='word_1_276' title='bbox 271 3918 306 3980; x_wconf 84' lang='grc' dir='ltr'>δέ</span> <span class='ocrx_word' id='word_1_277' title='bbox 320 3917 369 3980; x_wconf 89' lang='grc' dir='ltr'>καί</span> <span class='ocrx_word' id='word_1_278' title='bbox 385 3917 565 3995; x_wconf 85' lang='grc' dir='ltr'>Φιλόχοροε</span> <span class='ocrx_word' id='word_1_279' title='bbox 589 3915 684 3980; x_wconf 87' lang='grc' dir='ltr'>είκοει</span> <span class='ocrx_word' id='word_1_280' title='bbox 699 3918 776 3994; x_wconf 89' lang='grc' dir='ltr'>τρία.</span> <span class='ocrx_word' id='word_1_281' title='bbox 805 3916 928 3979; x_wconf 87' lang='lat' dir='ltr'>Horum</span> <span class='ocrx_word' id='word_1_282' title='bbox 951 3937 1153 3979; x_wconf 87' lang='lat' dir='ltr'>numerorum</span> <span class='ocrx_word' id='word_1_283' title='bbox 1175 3915 1316 3978; x_wconf 85' lang='lat' dir='ltr'>omnium</span> <span class='ocrx_word' id='word_1_284' title='bbox 1335 3909 1387 3974; x_wconf 88' lang='grc' dir='ltr'>υιιί-</span> 
     </span>
     <span class='ocr_line' id='line_1_34' title="bbox 271 4025 1387 4110; baseline -0.004 -22"><span class='ocrx_word' id='word_1_285' title='bbox 271 4027 336 4088; x_wconf 89' lang='grc' dir='ltr'>ἰιιιιι</span> <span class='ocrx_word' id='word_1_286' title='bbox 358 4027 397 4088; x_wconf 83' lang='lat' dir='ltr'>ad</span> <span class='ocrx_word' id='word_1_287' title='bbox 421 4025 589 4088; x_wconf 84' lang='lat' dir='ltr'>veritatem</span> <span class='ocrx_word' id='word_1_288' title='bbox 617 4025 745 4108; x_wconf 84' lang='lat' dir='ltr'>propius</span> <span class='ocrx_word' id='word_1_289' title='bbox 774 4026 923 4089; x_wconf 84' lang='lat' dir='ltr'>accedere</span> <span class='ocrx_word' id='word_1_290' title='bbox 953 4048 1046 4110; x_wconf 84' lang='lat' dir='ltr'>quam</span> <span class='ocrx_word' id='word_1_291' title='bbox 1071 4046 1163 4108; x_wconf 90' lang='lat' dir='ltr'>quem</span> <span class='ocrx_word' id='word_1_292' title='bbox 1187 4045 1259 4088; x_wconf 88' lang='lat' dir='ltr'>cum</span> <span class='ocrx_word' id='word_1_293' title='bbox 1281 4025 1387 4101; x_wconf 72' lang='lat' dir='ltr'>lraep</span> 
     </span>
    </p>
   </div>
   <div class='ocr_carea' id='block_1_7' title="bbox 274 4263 1386 4430">
    <p class='ocr_par' dir='ltr' id='par_1_8' title="bbox 274 4263 1386 4430">
     <span class='ocr_line' id='line_1_35' title="bbox 340 4263 1386 4338; baseline -0.01 -13"><span class='ocrx_word' id='word_1_294' title='bbox 340 4273 363 4336; x_wconf 75' lang='lat' dir='ltr'>*l</span> <span class='ocrx_word' id='word_1_295' title='bbox 390 4271 478 4338; x_wconf 68' lang='lat' dir='ltr'>[Adde</span> <span class='ocrx_word' id='word_1_296' title='bbox 502 4269 724 4337; x_wconf 72' lang='lat' dir='ltr'>Etymologicdm</span> <span class='ocrx_word' id='word_1_297' title='bbox 748 4269 949 4338; x_wconf 78' lang='lat' dir='ltr'>Angelicanum</span> <span class='ocrx_word' id='word_1_298' title='bbox 974 4276 988 4334; x_wconf 64' lang='grc' dir='ltr'><strong>ς</strong></span> <span class='ocrx_word' id='word_1_299' title='bbox 1010 4274 1070 4334; x_wconf 80' lang='grc'>156,</span> <span class='ocrx_word' id='word_1_300' title='bbox 1092 4269 1126 4322; x_wconf 86' lang='lat' dir='ltr'>de</span> <span class='ocrx_word' id='word_1_301' title='bbox 1145 4286 1200 4336; x_wconf 87' lang='lat' dir='ltr'>quo</span> <span class='ocrx_word' id='word_1_302' title='bbox 1219 4269 1316 4336; x_wconf 82' lang='lat' dir='ltr'>agetur</span> <span class='ocrx_word' id='word_1_303' title='bbox 1331 4263 1386 4317; x_wconf 69' lang='lat' dir='ltr'>lli-s.</span> 
     </span>
     <span class='ocr_line' id='line_1_36' title="bbox 274 4362 644 4430; baseline -0.011 -12"><span class='ocrx_word' id='word_1_304' title='bbox 274 4363 361 4418; x_wconf 78' lang='lat' dir='ltr'>XXIII</span> <span class='ocrx_word' id='word_1_305' title='bbox 380 4364 460 4417; x_wconf 77' lang='lat' dir='ltr'>liniue</span> <span class='ocrx_word' id='word_1_306' title='bbox 478 4362 644 4430; x_wconf 60' lang='lat' dir='ltr'>voluminis]</span> 
     </span>
    </p>
   </div>
   <div class='ocr_carea' id='block_1_8' title="bbox 0 0 1491 5132">
    <p class='ocr_par' dir='ltr' id='par_1_9' title="bbox 0 0 1491 5132">
     <span class='ocr_line' id='line_1_37' title="bbox 0 0 1491 5132; baseline 0 0"><span class='ocrx_word' id='word_1_307' title='bbox 0 0 1491 5132; x_wconf 95' lang='lat' dir='ltr'> </span> 
     </span>
    </p>
   </div>
  </div>
 </body>
</html>
