3052 5136
475 359 635 410 suumne
658 361 830 409 carrucas.
1164 345 1225 410 725

91 517 135 578 ,tn
158 535 229 577 xero
253 537 345 599 reges
369 514 495 578 facilius
515 537 634 598 proelias
657 514 814 597 effugiunt
842 513 1030 578 delictortml
1052 537 1148 598 quum
1170 516 1223 598 qui

88 648 146 688 nou
171 629 245 688 suut
275 625 390 709 reges?
433 624 521 700 tluod
551 629 587 688 ut
617 647 712 710 saepe
739 625 840 708 possit
868 646 976 690 verum
1006 646 1090 707 esse,
1121 629 1156 688 at
1183 625 1224 688 ab
1242 634 1275 680 30

88 738 190 798 harum
220 735 348 820 quidem
379 736 612 800 sententiarum
647 757 730 798 nexu
759 735 874 798 mirum
901 739 1057 820 quantum
1085 735 1223 799 alienum

89 851 141 909 est.
171 845 255 910 Nam
280 846 351 910 Iaso
374 847 400 909 si
424 846 521 910 vellet
542 845 621 909 illud
644 845 794 909 iudicium
817 867 919 929 suum,
944 869 1008 910 nou
1032 846 1225 930 impunitam

87 957 147 1020 fore
161 956 325 1036 Medeam,
349 956 582 1022 consectarium
598 977 665 1020 esse
682 979 719 1020 ex
743 979 796 1039 eo,
821 955 904 1040 quod
927 977 968 1020 ne
991 955 1081 1042 regia
1096 957 1223 1042 quidem

87 1067 187 1131 domus
203 1089 341 1151 poenam
357 1068 530 1152 effugisset,
547 1089 677 1131 necesse
693 1069 958 1151 essetutrumque
973 1067 1136 1150 utriusque
1151 1089 1224 1150 poe-

87 1201 156 1241 nam
177 1179 248 1261 pari
272 1178 415 1242 iustitiae
438 1178 556 1242 rationi
572 1177 749 1242 subiectum
766 1177 940 1260 cogitaret:
963 1178 1114 1260 quoniam
1138 1182 1223 1242 certe

87 1287 222 1352 Medeam
251 1287 335 1352 iuste
363 1289 511 1372 punitum
539 1287 578 1351 iri
602 1286 719 1370 credit,
749 1287 775 1350 si
804 1287 972 1370 puniatur:
1010 1287 1128 1372 alioqui
1157 1309 1224 1352 non

87 1403 130 1460 est
151 1399 401 1490 consectarium
441 1399 487 1462 At
515 1419 589 1462 vero
618 1397 759 1462 Glaucue
792 1401 888 1480 atque
917 1397 1063 1462 Creontis
1094 1397 1223 1462 caedem

87 1508 254 1590 quomodo
279 1509 351 1573 laso
372 1509 476 1592 potuit
498 1508 615 1573 iustam
637 1530 706 1572 esse
728 1529 865 1590 poenam
887 1509 1029 1592 profiteri
1052 1509 1223 1573 eorundem

88 1620 234 1702 culpae,
259 1641 341 1703 quae
363 1641 405 1683 ne
427 1623 511 1684 esset
533 1619 659 1704 quidem
683 1618 776 1702 culpa
797 1618 836 1683 de
853 1618 976 1682 Iasonis
999 1620 1175 1702 sententia,
1197 1621 1223 1683 si

90 1750 156 1792 vero
176 1733 273 1811 esset,
298 1733 384 1794 certe
407 1731 473 1793 eius
495 1751 622 1813 poena
645 1751 710 1792 non
733 1731 816 1792 esset
838 1729 938 1812 iusta,
962 1729 1113 1814 quoniam
1129 1751 1167 1794 ea
1189 1730 1222 1793 in

88 1837 150 1920 ipso
168 1839 301 1903 Medeae
323 1841 442 1904 scelere
464 1841 568 1924 positu
592 1845 650 1923 est,
674 1838 756 1924 quod
780 1845 828 1903 est
843 1838 1005 1904 iniustum.
1037 1839 1095 1904 Vis
1118 1843 1223 1903 autem
1276 1847 1279 1854 ⁴

87 1949 157 2027 αὐτή
180 1950 380 2032 pronominis
402 1950 616 2034 longealiam
637 1950 764 2014 adrem
786 1951 921 2032 spectat.
958 1949 1103 2034 Denique
1126 1973 1223 2033 prave

87 2059 216 2124 arbitror
239 2061 337 2124 verba
361 2061 514 2146 coniungi
542 2061 569 2126 εἰ
590 2063 630 2141 μὴ
653 2061 796 2125 πέποιθε.
841 2059 926 2124 Nam
949 2059 994 2124 ita
1018 2081 1089 2124 cum
1112 2082 1223 2144 excep·
1296 2095 1302 2116 ·

88 2169 128 2231 tio
149 2171 302 2253 quaedam
328 2171 396 2254 fiat,
420 2193 500 2256 equae
515 2171 569 2234 ubi
585 2193 650 2234 non
674 2171 727 2252 sit,
751 2169 828 2233 illud
852 2169 909 2232 fiat
931 2171 1014 2254 quod
1036 2171 1223 2254 exceptione

88 2277 356 2364 circumscriptum
380 2285 438 2364 cst,
463 2275 677 2364 consequitur,
702 2281 755 2344 ubi
771 2279 856 2344 adsit
871 2281 1026 2364 exceptio,
1051 2281 1134 2344 idem
1157 2305 1220 2345 nou

87 2388 163 2472 fieri3
190 2395 225 2455 ut
248 2390 328 2455 haec
351 2392 393 2454 sit
416 2391 538 2455 Iasonis
562 2391 737 2455 sententia:
776 2397 822 2456 oet
843 2403 929 2454 terro
952 2397 1102 2456 occultari
1123 2399 1169 2456 uel
1190 2399 1221 2456 ιἰι

87 2507 155 2564 uera
175 2508 301 2566 evolare
322 2523 389 2565 eum
412 2515 537 2581 oportet,
563 2509 625 2566 nist
644 2513 749 2582 sperat
771 2523 802 2566 se
824 2509 1002 2582 impunitum
1020 2505 1110 2580 sora·
1142 2509 1224 2582 quod

87 2621 185 2673 contro
210 2619 239 2676 si
257 2626 376 2692 sperat,
409 2633 468 2676 ιιοιι
498 2625 615 2692 oportet
641 2633 707 2676 eum
738 2625 824 2677 terro
852 2619 1003 2678 occultari
1024 2619 1070 2678 eet
1091 2620 1122 2676 ιἰι
1145 2621 1222 2676 uera

89 2727 213 2784 utrolure.
259 2719 331 2786 Hoc
359 2725 454 2806 pacto
478 2745 548 2786 cum
571 2723 745 2786 necessitas
769 2722 817 2788 vel
841 2727 927 2786 terro
949 2745 1017 2786 sese
1039 2723 1221 2788 occultandi

89 2829 132 2891 vel
152 2830 184 2894 in
209 2837 282 2896 aera
306 2831 455 2896 avolandi
478 2833 617 2916 pendeat
640 2857 678 2898 ex
701 2833 833 2898 Medeae
856 2834 1110 2916 exspectatione,
1140 2857 1221 2918 (μιαο

92 2945 177 3020 prout
197 2946 254 3006 aut
275 2942 439 3026 impunem
462 2965 495 3006 se
519 2945 587 3008 fore
609 2948 716 3028 speret
739 2949 794 3008 aut
815 2943 962 3028 punitum
985 2943 1035 3026 iri,
1060 2949 1115 3008 aut
1137 2943 1220 3008 atlsit

88 3045 138 3112 illa
158 3053 331 3116 necessitas
355 3056 410 3116 aut
438 3075 503 3117 nou
527 3053 625 3117 adsit:
663 3054 797 3118 ridicula
826 3052 995 3117 admodmn
1022 3053 1122 3117 oritur
1149 3077 1220 3118 seu-

88 3161 191 3224 tentia.
237 3161 320 3226 Nam
343 3184 409 3226 uon
432 3167 538 3246 potest
560 3165 734 3228 necessitas
762 3163 817 3227 illu
840 3169 917 3246 opta
940 3185 1009 3227 esse
1032 3185 1069 3226 ex
1093 3187 1220 3247 exspec·
1308 3221 1311 3226 .

88 3269 199 3335 tatione
221 3272 364 3354 Medeae,
388 3273 443 3337 sed
466 3296 503 3338 ex
527 3274 643 3338 iudicio
666 3274 799 3356 Iasonis,
823 3275 905 3358 quod
929 3296 999 3337 cum
1023 3277 1144 3337 certum
1166 3275 1219 3356 sit,

88 3378 175 3444 ctiam
207 3384 380 3447 necessitas
414 3383 469 3448 illa
502 3389 666 3468 tamquam
696 3390 806 3448 certa
834 3385 990 3468 (praedam
1028 3384 1217 3448 declaratur.

89 3485 151 3552 lasa
173 3493 256 3556 suun
278 3493 357 3556 illud
380 3516 446 3558 nou
469 3496 536 3558 vult
564 3496 598 3558 in
622 3493 725 3558 medio
748 3495 943 3580 relinquere,
974 3498 1079 3558 utrum
1107 3495 1218 3578 punia-

87 3600 134 3660 tur
154 3601 263 3666 Medea
291 3625 410 3688 necne,
438 3605 493 3667 sed
522 3627 644 3688 poenas
672 3605 800 3670 sceleris
830 3605 940 3668 datum
968 3605 1006 3670 iri
1033 3627 1219 3690 persuasum

87 3707 185 3793 habet,
208 3735 339 3798 eamque
361 3714 554 3778 senteutiam
577 3715 637 3778 hac
660 3715 762 3778 tonna
785 3717 891 3778 effert:
922 3738 983 3780 ιιοιι
1005 3723 1130 3796 effupr'et
1145 3737 1219 3796 poc-

87 3837 152 3890 nus·
176 3830 303 3900 quodsi
323 3834 424 3888 tornea
446 3837 566 3904 sperat,
589 3833 737 3890 miraculo
760 3833 862 3904 utiquo
885 3847 960 3905 opus
982 3838 1034 3890 est.
1079 3825 1129 3890 Ex
1151 3826 1218 3910 qui-

89 3925 139 3991 bus
167 3937 297 4016 apparet
325 3935 352 4000 el
374 3935 414 4014 μή
437 3935 602 4018 particulis
631 3935 734 3998 locum
758 3958 825 3998 esse
848 3935 987 4018 nullum,
1016 3935 1069 3998 sed
1094 3938 1218 4000 coutra-

89 4037 160 4102 riam
183 4041 215 4106 in
237 4048 361 4126 partem
390 4043 652 4108 conformandam
679 4045 777 4110 fuisse
806 4045 1017 4109 senteutiam:
1051 4050 1098 4110 δεῖ
1125 4049 1217 4125 νιν·ἢ

88 4151 139 4224 tric
160 4153 241 4218 κάτω
256 4161 444 4250 ,κρυφθῆναι
466 4157 485 4234 ἢ
509 4155 551 4220 εἰ(
574 4155 684 4236 αἰθέρα
706 4157 854 4236 ἀρθῆναι,
884 4157 910 4222 εἰ
933 4156 1086 4221 πέποιθεν
1109 4155 1216 4240 ἀθῷοι
1236 4171 1264 4216 :u

89 4260 251 4335 φεύξεεθαι.
294 4263 496 4348 Quapropter
524 4267 631 4328 nescio
662 4289 702 4328 au
732 4270 819 4329 reete
848 4265 1025 4328 coniciatur
1051 4266 1098 4329 sic
1120 4265 1217 4348 scrip·

89 4370 149 4431 turn
170 4371 263 4437 fuisse
286 4374 480 4458 antiquitus:
