2952 5132
535 1308 718 1420 XVII.

69 1510 117 1603 lte
146 1508 376 1605 emendandis
406 1507 663 1626 Antiquitatum
698 1506 800 1602 lbnls
835 1506 997 1626 nuuuysu
1032 1504 1198 1600 Helenu-
1270 1641 1272 1646 Ι

306 1661 500 1756 nonensis
525 1659 783 1755 nunnentnttn
813 1659 960 1776 tunlen.

146 1980 209 2068 [De
237 1981 444 2045 emendandis
478 1981 624 2064 Dionysii
656 1978 895 2064 Antiquitatum
926 1978 1016 2044 libnn's
1048 1981 1198 2064 quonism

70 2097 136 2156 ente
162 2093 280 2156 editum
307 2091 346 2154 de
369 2090 477 2155 codice
499 2089 657 2155 Vrbinote
685 2089 951 2172 disputationem,
982 2111 1077 2173 quem
1105 2089 1198 2154 huius

69 2201 226 2266 uoluminis
254 2199 365 2265 XVIII
392 2200 471 2282 feci,
504 2200 553 2264 bis
583 2203 814 2264 commentatus
842 2221 926 2282 sum,
960 2203 1198 2284 programmate

69 2311 238 2376 academico
253 2309 500 2376 Vretislevicnsi
518 2309 597 2374 suuni
614 2311 695 2374 1838
702 2310 750 2394 *),
771 2308 936 2374 Bonnensi
952 2310 1029 2373 enni
1048 2310 1197 2396 1846**),

69 2421 120 2484 etsi
140 2421 314 2505 posteriore
336 2441 374 2484 en
395 2419 465 2504 ipse
489 2419 666 2504 emendari,
691 2419 855 2504 resarciri,
880 2420 1078 2504 compensari
1100 2420 1196 2504 volui,

68 2531 194 2614 quaein
215 2531 320 2615 priore
342 2551 455 2615 perum
477 2529 528 2594 vel
550 2533 637 2594 recte
663 2531 714 2594 vel
741 2529 835 2614 plene
862 2530 1077 2614 exposuissem
1099 2533 1135 2594 ut
1157 2531 1198 2594 ab

68 2639 269 2706 instrumento
293 2640 404 2704 critico
425 2643 494 2704 tum
516 2640 684 2704 nonsatis
707 2640 899 2704 instructus:
920 2643 1030 2705 tamen
1053 2641 1198 2725 ueprius

68 2751 184 2832 quidem
209 2773 337 2836 prorsus
359 2749 413 2814 hic
434 2750 646 2814 omittendum
668 2751 793 2833 putent,
823 2750 940 2835 quippe
963 2751 997 2814 in
1019 2771 1081 2834 quo
1104 2773 1198 2835 quee-

68 2859 132 2924 dam
158 2883 223 2926 non
249 2859 407 2924 inutiliter
434 2859 598 2943 disputate
621 2881 689 2924 esse
711 2859 904 2943 viderentun,
933 2881 1013 2945 quae
1036 2881 1074 2924 ex
1096 2861 1198 2925 altero

69 2971 126 3050 peti
152 2993 217 3036 non
244 2973 388 3054 possunt.
439 2969 593 3044 Quocirca
620 2970 714 3034 ambo
741 2971 807 3034 ium
833 2970 878 3034 ita
902 2969 1078 3034 coalescere
1100 2971 1196 3054 volui,

67 3081 97 3141 ut
110 3101 146 3144 ex
160 3083 303 3164 utroque,
326 3101 407 3164 quac
428 3079 526 3143 ctiam
547 3101 633 3144 nunc
656 3079 752 3144 ulicui
775 3101 843 3144 esse
865 3079 934 3144 usui
956 3080 1196 3166 intellexissem,

67 3268 258 3278 —-——-..—

125 3384 148 3451 *)
172 3383 278 3452 [‘Diem
299 3383 424 3438 natalem
440 3383 638 3452 Angustissimi
661 3383 747 3452 Ilcgis
769 3383 903 3438 Friderici
921 3384 1050 3440 Guilelmi
1068 3385 1107 3440 III
1127 3427 1195 3442 ....

67 3471 88 3526 d.
106 3475 142 3528 III
157 3477 227 3546 Aug.
247 3493 272 3530 a.
292 3475 592 3532 cnolocccxxxvun
615 3477 812 3532 celebrandum
829 3476 927 3531 indicit
944 3477 973 3533 F.
988 3478 1021 3531 It.
1040 3478 1198 3533 Praemisso

67 3569 104 3619 nst
120 3567 152 3622 dc
170 3568 294 3637 Dionysii
311 3569 563 3624 Helicemussensis
581 3569 802 3637 Antiquitatibus
826 3570 959 3624 Romanis
977 3571 1197 3626 commentatio!

67 3657 228 3730 Bibliopolec
245 3661 381 3716 traditum
399 3661 438 3718 sic
455 3660 761 3732 mutate-inscriptione
778 3663 883 3733 prodiit
900 3663 929 3717 in
943 3663 1099 3734 publicum:
1118 3663 1198 3720 ‘Dio-

67 3751 129 3817 nysii
148 3753 401 3810 Hsbcmnussensis
424 3755 600 3810 Proocminm
622 3755 828 3823 Antiquitatum
851 3757 1041 3812 Romanorum
1065 3758 1196 3814 ecodici·

67 3841 111 3896 bus
127 3863 203 3913 mss..
221 3847 256 3902 de
274 3865 391 3916 quorum
407 3847 500 3904 indole
519 3851 548 3904 et
566 3867 617 3903 usu
635 3849 801 3918 disputetur,
820 3849 1029 3920 emendatum’]

110 3938 148 4006 ⁸⁸)
177 3940 344 4008 [‘Natalicie
369 3941 567 4010 Augunslineimi
600 3943 686 4011 ltegis
709 3942 842 3998 Friderici
870 3943 1000 4000 Guilclnni
1022 3944 1060 3998 IV
1078 3987 1084 3998 .
1100 3988 1106 3999 .
1122 3988 1147 3998 ..
1168 3945 1194 4000 d.

67 4026 110 4080 XV
121 4030 178 4086 Oct.
197 4051 221 4088 a.
235 4033 479 4093 cnonocccxnvl
498 4036 718 4091 concelebranda
734 4035 832 4090 indicit
849 4037 879 4090 F.
891 4037 923 4092 It.
956 4037 1032 4092 Inest
1050 4037 1195 4107 Specimen

67 4119 180 4192 Dionysii
201 4125 453 4182 Hnlicsmassensis
477 4146 511 4182 ex
529 4129 641 4198 optimis
664 4129 804 4184 codicibus
826 4129 986 4185 emendati)
1021 4130 1195 4200 Bibliopolnc

67 4213 189 4271 traditum
211 4219 248 4274 sic
271 4221 381 4276 mutata
402 4220 582 4292 inscriptione
605 4221 709 4292 prodiit
730 4223 759 4276 in
776 4223 929 4293 publicum:
958 4223 1100 4291 ‘Dionysii
1121 4223 1195 4278 Heli·

69 4311 243 4366 summensis
265 4313 481 4381 Antiquitatium
504 4316 693 4370 Romanorum
715 4315 809 4370 libril
832 4315 925 4390 capitu
947 4315 1022 4372 XXX
1044 4318 1138 4390 priora
1162 4335 1195 4376 ex

69 4401 170 4468 optimis
188 4404 326 4462 codicibus
344 4407 523 4478 emcndotessl
