2976 5140
475 389 599 440 αιιιινια
623 389 842 440 ιιαεοιιιναιο.
1167 373 1230 439 685

80 543 218 626 γραφία
261 543 447 624 Θεόκριτος·
470 553 540 618 τοῖς
560 543 598 606 δὲ
619 541 702 626 μετὰ
724 546 882 626 γριπεῡσι
909 591 1050 606 .....
1075 543 1169 608 Θέων
1194 545 1229 608 ἐν

81 654 286 732 ὑπομνήματι
309 658 354 718 τῶ
378 655 421 719 εἰς
444 655 632 733 Θεόκριτον)
660 691 703 702 -
732 657 932 735 Γριφῶδες
965 655 1171 732 ιἩρωδιανός
1193 655 1229 718 ἐν

80 768 118 842 τι)
143 765 372 846 ὀρθογραφίαν
397 801 434 810 »-
463 763 514 828 65.
547 766 643 842 Γυνή
673 765 883 844 (Δημόκριτος
908 812 914 826 .
941 811 948 826 .
1041 813 1047 825 .
1072 763 1230 842 Φερεκρά-

80 895 153 952 της·
177 868 224 948 τός
245 870 374 936 άτοιιον
396 871 489 936 ἐστιν
510 875 614 956 μῆτερ
631 867 717 936 εἶναι
740 871 795 937 καὶ
818 871 935 956 γονήν.
959 874 1062 938 οὕτως
1077 875 1230 952 Ἡρωδια-

82 985 142 1048 νὸς
169 983 206 1050 ἐν
228 983 449 1063 ἐπιμεριςμοῐς)

172 1205 378 1285 Δαῑφρονι
394 1205 450 1282 (ὡς
466 1204 485 1268 ό
501 1203 698 1284 Λυκόφρων·
721 1197 744 1266 ά
759 1203 881 1278 πόντος
901 1201 1020 1285 Ἕλλης
1042 1199 1098 1266 καὶ
1113 1203 1230 1284 πέτραι

83 1312 336 1394 συμπληγάδες)
360 1352 401 1360 -
424 1315 630 1391 Δαμαςκός
652 1351 694 1360 -
717 1297 892 1379 Δεῖπνος
916 1314 957 1392 (οἱ
978 1316 1107 1393 κωμικοὶ
1128 1316 1178 1376 καὶ
1201 1313 1231 1378 οἱ

81 1424 243 1501 νεώτεροι
267 1472 407 1487 .....
437 1424 680 1505 Ἐπαφρόδιτος)
703 1461 744 1470 -
767 1425 895 1490 Δεκάς
919 1423 1068 1504 (Ὀρφεὺς
1091 1427 1126 1488 δὲ
1149 1424 1231 1486 κλα-

82 1531 215 1616 όοῦχον
237 1533 337 1612 αὐτὴν
360 1533 520 1614 ὀνομάζει)
537 1571 578 1580 -
601 1533 652 1596 70.
677 1535 884 1613 Δέλφακες
907 1535 1060 1612 (Ὅμηρος
1083 1529 1229 1614 όλόφρο-

83 1666 146 1718 νας
170 1643 290 1708 αὐτοὺς
313 1644 410 1724 καλεῖ)
434 1681 475 1690 -
510 1645 671 1724 Δέλφοξ
694 1643 906 1723 (ἘπίχαρμοςΙ
930 1641 1082 1724 δέλφακά
1105 1647 1230 1706 τετῶν

82 1751 260 1834 γειτόνων.
289 1763 359 1826 τοῖς
387 1749 586 1826 ἐλευσινίοις
617 1753 791 1834 φυλάσσω)
819 1791 861 1800 -
893 1755 1049 1832 Δελφοὶ
1076 1755 1126 1818 καὶ
1149 1755 1230 1818 Δελ-

24 1913 26 1916 -
82 1864 151 1942 φός
175 1863 401 1940 (Καλλίμαχος
432 1861 555 1944 όελφός
583 1858 671 1944 άνήρ
702 1858 779 1944 ἐμός
810 1857 986 1945 ῖερόεργος)
1014 1901 1056 1910 -
1086 1865 1231 1942 Δέρρις

83 1972 251 2050 (Εὔπολις·
273 1969 361 2053 γυνὴ
389 1971 551 2052 μέλαιναν
580 1969 696 2052 όέρριν
717 1968 926 2054 ἠμφιεσμένη
952 2021 1091 2035 .....
1122 1973 1174 2037 ἐπὶ
1195 1974 1231 2036 δὲ

82 2085 143 2145 τοῦ
161 2081 447 2160 παραπετάςματυς
462 2083 613 2164 Πλάτων)
630 2119 672 2128 —-
687 2083 818 2160 Δεῦρο
841 2120 882 2128 -
906 2083 955 2144 75».
979 2083 1230 2162 Δημιουργός

84 2192 187 2270 (παρά
210 2211 243 2255 τε
266 2192 417 2271 Ἀργείοις
439 2193 489 2256 καὶ
511 2193 713 2256 Θεςςαλικοῑς
737 2239 849 2254 .....
873 2193 961 2270 παρὰ
982 2196 1048 2255 τοῖς
1072 2193 1230 2270 Ἀττικοῖς)

82 2338 126 2349 —
157 2302 253 2378 Δηώ
277 2301 374 2378 (οὕτω
401 2303 481 2380 γὰρ,
509 2301 595 2379 δηαί,
624 2301 919 2380 προςαγορεύονται
946 2301 1010 2364 ὑπὸ
1040 2302 1171 2380 Κρητῶν
1200 2303 1231 2365 αἱ

82 2409 200 2491 κριθαί)
230 2447 273 2456 -
300 2411 529 2490 Διαβόητος
557 2411 767 2490 (Ἀνακρέων
791 2409 846 2472 καὶ
873 2406 908 2492 μ’
939 2407 1121 2492 ε’πιβόητον
1148 2407 1231 2473 κατὰ

82 2523 244 2601 γείτονας
266 2518 424 2601 ποιήσεις)
448 2558 490 2568 -
512 2522 858 2599 Διακοςμηθεῖμεν
880 2557 922 2566 —
945 2521 1168 2600 Διάκτορος
1189 2559 1231 2568 ω

84 2631 139 2692 80.
174 2631 397 2694 Διάλεκτος
424 2667 466 2678 -
497 2631 691 2708 Δικαςτής
720 2630 935 2710 (Μένανδρος
965 2633 1044 2704 εἴτις
1075 2627 1232 2713 δικαστής

82 2733 106 2820 ἦ
130 2734 304 2822 διαιτητὴς
327 2740 427 2820 θεῶν)
457 2777 497 2786 -
531 2741 756 2819 Διθύραμος
778 2739 824 2802 sic
848 2741 1020 2820 ιΠίνδαρος
1043 2743 1077 2804 δὲ
1100 2741 1148 2804 ότι
1170 2742 1230 2806 τίκ-

84 2871 156 2914 των
179 2849 281 2913 αὐτόν
309 2849 429 2929 ἐπεβόα
457 2849 476 2912 ὁ
498 2849 580 2914 Ζεὺς
609 2851 690 2912 λῦθι
713 2851 793 2912 λύδι
817 2847 946 2930 ῥάμμα,
974 2849 1020 2914 ἵν’
1043 2851 1062 2928 ἦ
1085 2851 1230 2930 λυθίραμ-

85 2965 170 3038 βος.
192 3009 200 3022 .
223 3007 229 3020 .
250 2959 448 3038 Ἡρωδιανὸς
470 2961 505 3022 δὲ
527 2961 585 3039 τὴν
608 2959 766 3040 πίνδαρον
789 2959 1015 3039 ἀποδοκιμάζει
1037 2962 1169 3039 φάςκων
1192 2963 1231 3024 τὰ

85 3069 303 3147 προςτακτικὰ
324 3071 364 3147 μὴ
389 3069 588 3148 ςυντίθεςθαι)
616 3107 659 3117 -
689 3071 799 3149 Δόρυ
827 3069 942 3148 (οὕτως
971 3068 1069 3148 εὖρον
1092 3073 1127 3134 ἐν
1151 3071 1230 3134 ὑπο-

84 3179 225 3256 μνήματι
247 3178 378 3243 Θέωνος
402 3177 445 3242 εἰς
472 3180 530 3256 τὴν
554 3180 745 3258 Ὀδύςςειαν)
773 3218 815 3228 —
844 3180 1056 3258 Δορύολος
1085 3181 1230 3259 (Ἀρκτο-

84 3287 212 3369 φάνης·
242 3287 281 3350 αἱ
304 3297 462 3368 γυναῖκες
492 3287 551 3351 τόν
579 3288 749 3369 όορόαλον
776 3287 990 3371 φράγνυυται
1015 3339 1154 3354 .....
1186 3291 1231 3356 ὡς

85 3401 191 3475 δῆλον
214 3398 250 3460 ἐκ
271 3402 330 3461 τοῦ
345 3399 433 3476 παρὰ
448 3399 712 3479 Ἀριςτοφάνους·
734 3393 954 3481 ἢβυλλιςόσα.
977 3402 1107 3462 καίτιον
1122 3422 1231 3480 παροι-

84 3505 289 3588 τετιλμέναι)
304 3544 347 3554 -
368 3507 419 3572 85.
445 3509 656 3588 Δροπέτης
681 3508 863 3592 (Φιλόξενος
886 3510 921 3574 ἐν
944 3509 969 3588 β’
991 3517 1057 3574 τῶν
1080 3511 1152 3590 περὶ
1174 3531 1230 3588 μο-

84 3615 301 3696 νοςυλλάβων
324 3617 483 3700 ῥημάτων)

176 3835 381 3916 Ἐγκτηνες
409 3877 450 3884 -
478 3837 568 3918 Εἴαρ
592 3841 640 3917 (τὸ
662 3839 738 3918 αἷμα
759 3841 847 3919 παρὰ
868 3842 908 3905 τό
933 3840 1032 3918 ῥόδον
1055 3839 1104 3905 ότι
1127 3860 1231 3921 φοινι-

86 3951 181 4012 κοῦν.
210 3949 259 4011 καὶ
285 3947 448 4028 Πίνδαρος
477 3949 651 4030 φοινικόεις
677 3951 734 4014 τὰς
764 3946 854 4033 αἴρας
876 3951 1034 4015 ἐκάλεςεν.
1063 3952 1147 4014 πολὺ
1169 3953 1230 4030 γὰρ

85 4059 128 4120 τὸ
153 4057 254 4134 ῥόδον
281 4061 327 4121 τῶ
356 4057 433 4138 ἔαρι.
463 4061 511 4122 καὶ
538 4061 575 4123 τό
598 4061 682 4123 πολὺ
710 4061 745 4122 δὲ
775 4061 889 4138 ῥόδον·
913 4061 969 4138 ἔαρ
998 4064 1166 4142 καλοῦμεν)
1190 4099 1231 4108 —

87 4165 198 4244 Εῖβει
218 4204 258 4212 -
274 4167 592 4247 Εἰδωλολατρεία
612 4207 649 4214 —
665 4169 716 4231 90.
741 4169 916 4234 Εἴδωλον
933 4207 974 4216 -ffl
989 4170 1175 4235 Εἰλίπους
1190 4209 1232 4218 ν-

87 4277 206 4339 Ἰςτέον
229 4279 264 4340 δὲ
293 4277 340 4341 ότι
363 4278 529 4343 Εἵλωτες
556 4281 704 4355 λέγονται
733 4281 763 4343 οἱ
790 4283 886 4359 μιςθῶ
909 4280 1121 4344 δουλεύοντες
1144 4281 1231 4345 ἐλεό-

85 4391 197 4466 θεροι’
220 4387 251 4449 οἱ
272 4386 362 4452 αὐτοὶ
383 4391 418 4452 δὲ
441 4389 528 4468 παρὰ
551 4389 724 4469 Ἀθηναίοις
747 4394 839 4470 θῆτες
862 4391 1024 4470 λέγονται,
1055 4393 1142 4474 παρὰ
1165 4393 1231 4476 Ἀρ-
