2982 5146
285 367 346 427 150
584 379 834 426 eormmnmvn
858 378 1125 426 msvvm'rroms

284 532 392 612 theca,
417 555 497 614 quae
520 531 581 593 fuit
604 532 637 593 in
661 531 814 612 Scrapeo²
839 530 1068 613 disputavimus
1091 529 1129 593 de-
1152 530 1229 593 bibl.
1254 531 1305 593 Al.
1328 553 1358 613 p.
1382 533 1415 594 ll

286 640 350 728 [lo]
375 663 421 723 sq.
444 641 485 704 29
510 639 561 725 [25
583 640 654 726 sql.
694 641 841 703 Ceterum
863 661 903 702 ne
927 641 996 722 quis
1018 661 1056 702 ex
1078 661 1130 720 eu,
1154 639 1237 723 quod
1258 641 1416 718 ἡλικιωτὴο

287 752 485 830 Καλλιμάχου
513 749 743 812 Eratosthenes
772 749 902 830 (licitm,
938 749 1071 812 nimium
1099 749 1247 832 colligat,
1279 750 1414 812 consulat

287 882 367 942 quae
383 860 421 922 de
444 860 599 922 similibus
622 859 832 922 locutionibus
857 859 1075 941 praecepimus
1098 858 1215 921 ibidem
1239 881 1269 941 p.
1288 859 1329 922 86
1346 857 1415 946 [illl.

369 975 436 1044 tluo
469 969 597 1052 longius
631 969 790 1051 progressi
823 991 946 1050 sumus,
981 991 1016 1030 eo
1051 969 1164 1032 clarius
1197 969 1277 1031 fides
1310 969 1416 1031 enituit

234 1093 265 1140 3⁶2
285 1080 378 1142 latini
406 1079 617 1162 grannnatici.
664 1083 716 1139 An
745 1099 819 1140 casu
846 1079 967 1142 factum
996 1079 1192 1160 putabimus,
1227 1078 1310 1160 quod
1338 1078 1416 1140 iden·

283 1189 381 1251 tidem
409 1188 620 1250 intelleximus
649 1209 668 1249 a
696 1187 922 1269 probabilitate
951 1188 999 1250 vel
1029 1187 1107 1250 adeo
1135 1187 1270 1250 veritate
1298 1187 1416 1250 alienis-

284 1299 379 1378 sima,
415 1319 494 1380 quem
531 1318 664 1380 graecus
698 1301 824 1376 narrat,
860 1297 1020 1358 simillima
1055 1300 1160 1359 autem
1191 1297 1258 1358 veri
1294 1318 1360 1359 esse
1390 1304 1416 1358 et

284 1407 400 1469 rationi
429 1428 556 1489 prorsus
586 1410 816 1488 consentanea,
852 1428 931 1488 quae
960 1406 997 1468 dc
1021 1406 1139 1468 eisdem
1166 1407 1260 1468 rebus
1290 1409 1417 1468 testatur

284 1517 402 1579 latinus
431 1516 564 1579 auctor?
607 1515 651 1578 Vt
680 1515 763 1578 haud
797 1516 904 1598 prullo
939 1515 1148 1578 confidentius
1181 1516 1221 1577 ad
1254 1515 1415 1578 iudicanda

284 1626 471 1689 (allinraehi
509 1630 540 1688 et
573 1625 795 1688 Eratosthenis
833 1626 1065 1690 testimonia
1103 1647 1187 1688 nunc
1226 1625 1415 1689 accedamus.

284 1758 415 1819 quormn
444 1735 564 1797 mrllmn
593 1736 626 1797 in
654 1735 777 1816 graccis
802 1736 980 1819 vestigium.
1026 1735 1070 1797 Et
1098 1735 1138 1797 ab
1164 1735 1258 1798 initio
1287 1735 1414 1818 quidem.

284 1845 473 1928 sinmlatque
497 1845 737 1908 t‘ramerianunr
765 1846 984 1928 fragmentrnn
1008 1845 1121 1908 cursim
1152 1844 1415 1926 perlustravinms.

285 1979 321 2018 co
349 1977 472 2016 eramus
502 1953 624 2032 animo,
654 1957 686 2014 ut
712 1957 820 2035 erepta
844 1953 935 2016 nobis
963 1953 1088 2016 illorum
1116 1953 1301 2016 testimonia
1329 1955 1416 2016 ferre·

286 2087 353 2127 mus
387 2063 634 2146 patientissime:
668 2085 726 2124 nce
760 2064 845 2125 eninr
877 2065 1005 2147 gravius
1039 2063 1165 2145 aliquod
1199 2063 1416 2126 detrimentmn

286 2196 397 2255 capere
421 2173 511 2235 nohis
535 2172 734 2253 viridantur,
761 2192 819 2232 nec
842 2172 1019 2234 tenaciores
1043 2194 1110 2234 esse
1126 2177 1305 2235 nostrormn
1329 2174 1416 2255 potis·

285 2283 397 2344 simum
427 2283 628 2344 inventorum
656 2281 800 2344 solemus.
847 2280 941 2344 Nunc
969 2285 1075 2344 autern
1105 2305 1175 2345 cnm
1203 2283 1344 2345 rationes
1366 2283 1416 2344 cir-

285 2393 507 2474 cumspicimus
531 2393 621 2453 istius
645 2391 836 2472 patientiae,
861 2390 978 2452 accidit¹
1001 2397 1127 2473 praeter
1143 2393 1416 2474 exspectationem

284 2507 319 2564 ut
334 2525 442 2564 earum
458 2502 554 2582 nihil,
579 2523 639 2582 quo
664 2501 755 2562 nobis
778 2500 838 2581 ipsi
862 2500 940 2562 satis
956 2500 1126 2582 farianum,
1151 2502 1186 2563 in
1208 2505 1356 2584 promptu
1371 2503 1414 2564 sit.

285 2611 367 2673 Nam
392 2611 527 2691 primunr
550 2611 581 2672 in
606 2611 650 2672 eis
667 2613 751 2672 certe
769 2610 871 2670 verbis
895 2609 1035 2690 graecis,
1060 2632 1139 2692 quae
1164 2611 1324 2673 breviator
1340 2610 1416 2672 Pari-

285 2721 372 2782 sinus
396 2719 548 2799 serravit,
573 2719 651 2781 nihil
676 2718 879 2800 redendimus,
909 2719 990 2802 (prod
1014 2742 1075 2802 (luo
1098 2720 1190 2782 modo
1213 2720 1263 2782 vel
1287 2721 1415 2802 potuerit

285 2830 318 2892 in
351 2829 435 2891 tanti
464 2851 573 2890 caussa
602 2828 716 2890 erroris
744 2851 826 2908 esse,
857 2829 920 2890 ullo
949 2833 1042 2910 praeto
1073 2829 1256 2912 perspicias.
1303 2828 1415 2892 Deinde

285 2939 322 3000 de
351 2937 538 3002 tss¹allirrraclri
569 2937 694 3019 quidem
722 2938 921 3014 testimonio,
957 2938 1038 3020 rpuvd
1073 2938 1232 3021 proditum
1266 2938 1362 3002 fuisse
1388 2939 1415 2999 in

285 3049 361 3130 ipsis
383 3048 494 3112 Πίναξι
522 3047 701 3108 dixeramus
725 3070 755 3129 p.
784 3048 837 3125 13,
868 3068 907 3108 ne
931 3046 1156 3131 Bernhardvus
1184 3049 1312 3130 quidem
1341 3049 1413 3131 quic·

286 3178 380 3239 ‹pnrnr
403 3156 611 3218 dubitationis
634 3156 742 3217 nane
782 3157 842 3218 sul
866 3156 1024 3218 dubitavit
1048 3157 1129 3219 idern
1153 3180 1184 3239 p.
1202 3157 1264 3220 829
1288 3158 1326 3220 de
1349 3157 1415 3220 Era-

285 3265 447 3346 tosthene,
473 3287 563 3346 quem
588 3265 822 3327 conieccrarnus
846 3267 880 3327 in
904 3267 1160 3346 Χρονογραφιῶν
1190 3266 1415 3330 eonmrentariis¹

286 3374 479 3436 voluminum
502 3397 648 3436 numeros
672 3379 823 3436 testatum
847 3399 924 3438 csse.
971 3375 1038 3438 Nee
1062 3377 1146 3438 eninr
1169 3377 1202 3438 in
1230 3375 1296 3438 illis
1324 3377 1414 3438 locuni

285 3484 401 3546 talibus
425 3487 473 3566 (at
496 3484 679 3566 qrndibus'tv
703 3485 800 3545 t'nisse
823 3485 938 3566 videri,
969 3507 1006 3547 uc
1032 3485 1145 3547 mirum
1169 3507 1237 3547 esse
1261 3485 1414 3568 simplicis·

285 3594 383 3654 simae
405 3593 575 3654 memoriae
599 3593 677 3654 satis
700 3593 920 3656 testificandae
944 3617 1055 3656 sarissa
1084 3598 1213 3676 genrina
1237 3595 1414 3658 arictontate

286 3723 364 3782 epm
388 3724 464 3763 esse.
508 3703 707 3784 (propropter
730 3708 911 3785 corruptum
936 3704 1034 3766 videri
1057 3715 1204 3767 asseveret
1227 3705 1412 3780 vocabulum.

287 3810 602 3893 substitncmhnnque
619 3811 684 3873 cius
701 3811 785 3874 modi
802 3812 962 3894 ‹piidelmn‚
980 3835 1041 3894 qno
1058 3813 1289 3876 Eratosthenes
1303 3815 1414 3877 dientvu

287 3920 448 4002 inceptam
465 3943 483 3981 a
499 3921 693 3983 (lallimacho
717 3921 824 3983 titulos
841 3922 1035 3984 inscribendi
1059 3945 1188 4005 operam
1211 3924 1411 3986 continuasse.

287 4029 348 4092 Hic
372 4033 476 4091 autem
500 4031 713 4112 ‹piaerendnm
737 4035 863 4112 praeter
880 4037 983 4094 cetera
994 4082 1001 4112 ,
1029 4055 1090 4113 quo
1105 4033 1197 4095 modo
1214 4030 1411 4096 coristrucnda

237 4153 269 4197 33
288 4139 366 4217 sint,
391 4162 470 4220 epum
495 4143 666 4201 narrantur
689 4140 726 4202 de
751 4140 972 4203 Eratosthene.
1019 4141 1136 4214 thienlsi
1165 4143 1369 4223 appositionis
1388 4138 1412 4198 vi

289 4246 395 4309 additu
420 4249 484 4310 sint
507 4253 663 4311 extrema:
693 4273 750 4312 reon
775 4257 816 4312 iar
841 4257 931 4314 rnrdlo
955 4264 1023 4328 [rost
1046 4258 1175 4314 eiusdem
1198 4262 1298 4314 custos
1324 4255 1411 4312 biblio

289 4361 406 4432 (terrac,
442 4358 618 4438 exspectari
647 4381 722 4421 sane
752 4359 785 4422 in
814 4360 971 4442 prioribus
1001 4360 1220 4422 coniunctivus
1247 4355 1413 4442 imperfecti
