2982 5146
327 359 373 408 oe
396 361 490 408 maa.
513 359 616 408 111111.
641 361 685 408 er
706 361 922 410 mammam.
1134 347 1195 409 135

138 512 227 588 Quod
256 517 362 576 autem
390 513 614 578 necessitatem
637 513 817 578 reiciendas
844 514 994 599 vulgatae
1016 517 1194 600 scripturae

60 647 122 687 esse
143 624 393 688 demonstratam
415 623 548 708 negavi,
578 623 609 688 id
636 624 778 708 pertinet
799 623 840 688 ad
868 626 1093 710 gravissimum
1115 649 1193 691 sane

59 735 172 816 locum,
200 757 295 818 quem
322 733 387 798 iam
414 733 646 818 expediendum
674 734 768 798 nobis
797 757 865 798 esse
893 735 1057 802 sentimus.
1109 737 1193 802 Nam

59 844 135 927 quod
161 844 289 928 quidem
310 843 492 927 Heliodori,
523 845 549 908 si
576 844 772 928 propositam
794 869 813 909 a
836 845 928 909 nobis
956 846 1192 931 interpretatio-

59 975 126 1018 nem
153 975 301 1037 sequare,
336 958 550 1018 commeutmn
578 977 597 1018 a
625 955 742 1019 'l'zetza
776 954 884 1020 dedita
912 977 1009 1039 opera
1042 957 1192 1042 redargui

59 1065 156 1146 vides,
178 1065 210 1128 id
233 1065 338 1149 ipsum
360 1065 401 1128 ab
423 1064 533 1128 eodem
548 1064 664 1130 Taetza
686 1070 850 1149 tamquam
865 1087 955 1130 suam
977 1065 1016 1130 de
1031 1065 1192 1131 Pisistrati

60 1174 135 1238 euris
162 1174 341 1239 Homericis
369 1175 563 1238 seutentiam
591 1175 668 1239 alibi
700 1177 836 1259 proferri
866 1198 938 1239 cum
966 1175 1192 1261 Bernhardyus

60 1285 159 1348 docuit
177 1289 261 1350 tum
295 1285 445 1350 Lehrsius
478 1290 546 1350 tum
580 1285 758 1350 Cramerus.
818 1287 983 1371 Fugerent
1019 1309 1078 1352 nos
1114 1309 1192 1351 saue

60 1394 184 1460 'lacteae
206 1396 305 1460 verba
327 1395 360 1459 iu
384 1395 523 1480 Exegesi
545 1395 637 1460 Iliad.
662 1419 693 1480 p.
709 1396 752 1462 45
773 1395 884 1460 Herm.
902 1396 948 1481 (p.
966 1397 1027 1462 773
1049 1419 1191 1481 nuperae

60 1504 197 1569 editionis
226 1505 527 1592 Baohmannianae)
555 1510 587 1569 et
619 1505 684 1570 suis
716 1507 751 1570 in
783 1511 884 1570 semet
911 1506 1040 1570 scholiis
1069 1529 1100 1590 p.
1133 1507 1192 1572 125

60 1613 142 1700 (825)
162 1615 278 1699 posita.
324 1614 411 1680 Hinc
438 1619 546 1680 autem
573 1617 741 1698 πρόβλημα
770 1616 862 1680 nobis
885 1617 1018 1681 excitari
1047 1616 1193 1682 amiciter

59 1746 177 1789 mouere
205 1725 370 1790 Iiehrsius:
404 1748 531 1790 omnem
563 1727 844 1791 ratiocinationem
872 1730 1015 1792 nostram
1047 1727 1192 1792 funditus

61 1835 149 1898 everti
171 1836 383 1900 confidentius
406 1835 632 1922 Bernhardyus
655 1859 847 1902 asseverare.
893 1837 978 1902 Huic
1001 1843 1191 1924 argumento

61 1947 91 2008 ut
123 1945 343 2030 responderet,
386 1947 449 2011 fuit
490 1947 544 2031 qui
582 1947 732 2011 Taetrum
768 1948 862 2012 initio
899 1947 1011 2012 scholii
1048 1948 1191 2014 Plautini

62 2059 330 2121 commemoratum
352 2079 418 2122 non
441 2079 509 2122 esse
532 2057 703 2141 Ioannem,
727 2057 781 2122 sed
804 2057 951 2123 Isaaoum
973 2060 1106 2122 fratrem
1129 2059 1192 2122 sibi

61 2167 263 2246 persuaderet.
323 2167 413 2243 Quod
455 2189 568 2251 parum
609 2173 658 2231 est
695 2167 894 2232 considemte
932 2168 1063 2232 dictum.
1123 2167 1192 2234 Neo

62 2277 167 2356 poterit
197 2277 244 2340 illi
274 2277 418 2361 opinioni
451 2277 645 2361 praesidium
677 2278 751 2342 inde
784 2279 867 2362 peti,
901 2278 984 2362 quod
1016 2278 1055 2342 de
1088 2279 1192 2363 poesis

61 2387 218 2466 generibus
251 2387 371 2452 similia
404 2409 482 2452 sane
515 2387 644 2452 scholiis
674 2387 833 2453 Plautinis
865 2411 961 2473 supra
991 2389 1125 2452 vidimus
1158 2389 1191 2452 in

62 2495 285 2582 prolegomenis
312 2497 549 2582 Lycophroneis
578 2503 714 2563 exstare.
765 2501 849 2574 Quos
877 2498 1003 2583 quidem
1032 2499 1066 2562 in
1093 2498 1191 2582 Lyco-

63 2604 203 2686 phronem
232 2609 480 2674 commentarios
507 2610 635 2673 tametsi
664 2609 873 2693 probabiliter
895 2608 1066 2672 Muellerus
1088 2611 1189 2692 praef.

63 2737 89 2796 p.
114 2715 232 2784 XXXII
261 2741 332 2803 sqq.
366 2717 597 2783 demonstravit
624 2719 760 2804 quodam
790 2720 884 2784 modo
912 2741 1093 2783 communes
1123 2741 1191 2784 esse

63 2825 209 2912 rariusque
236 2829 391 2912 Tzetzae,
426 2829 497 2912 ipsa
524 2833 634 2893 tamen
662 2829 717 2893 illa
744 2830 973 2915 pmlegomena
1001 2829 1094 2893 unius
1123 2851 1191 2892 esse

64 2933 154 3001 lsaaci
188 2939 319 3024 propria
353 2939 458 3004 verbis
495 2961 591 3022 supra
624 2940 659 3023 (ὅ
692 2941 712 3004 3
746 2940 870 3024 adnot.)
907 2939 1014 3003 allatis
1051 2938 1190 3004 Ioannes

63 3048 185 3112 tanae
204 3049 339 3114 Hesiodi
364 3050 535 3134 interpres.
580 3049 626 3114 Vt
648 3053 755 3114 autem
781 3054 907 3114 taceam
930 3051 1058 3114 easdem
1086 3051 1190 3134 poesis

64 3153 248 3224 ‹lefinuones
278 3160 313 3228 in
336 3161 382 3224 eis
409 3160 524 3224 iambis
547 3164 689 3242 exstare,
718 3161 773 3246 qui
794 3183 861 3225 non
889 3163 966 3226 sunt
986 3160 1106 3244 Issaei,
1136 3161 1190 3224 sed

64 3263 195 3334 loannis:
220 3270 353 3334 omnino
376 3270 541 3354 aliquanto
563 3271 634 3355 plus
656 3270 691 3334 in
714 3271 774 3334 hoc
795 3291 913 3356 genere
936 3270 1190 3334 testimoniorum

65 3375 126 3439 fidei
147 3379 349 3445 tribuendmn
372 3385 451 3444 erat.
497 3380 607 3444 Videri
629 3385 764 3465 possunt
778 3381 881 3444 lsaaci
903 3385 1011 3465 partes
1034 3380 1190 3464 quaedam
1211 3399 1241 3448 15

66 3486 149 3551 etiam
168 3489 201 3553 in
224 3489 467 3574 interpretando
488 3489 629 3555 Pindaro
652 3491 765 3554 fuisse:
788 3490 888 3575 (quode
910 3490 980 3553 vide
1001 3489 1189 3554 Muellerum

67 3599 153 3675 prael.
181 3593 211 3683 pl
235 3599 404 3664 XXXVII.
436 3599 575 3664 XXXIX
603 3606 636 3665 et
663 3599 860 3665 Boeekhium
894 3602 995 3684 praef.
1027 3600 1125 3665 schol.
1155 3623 1187 3685 p.

66 3703 191 3773 XXVIII
213 3710 422 3774 disserentes:
452 3711 504 3794 (ac
532 3710 719 3794 prodierrmt
741 3713 826 3774 certe
852 3710 890 3774 de
913 3711 1023 3774 metris
1045 3709 1190 3774 Pindari-

67 3814 104 3878 cis
116 3816 212 3884 Issaei
232 3820 331 3884 iambi
353 3821 388 3884 in
403 3821 532 3904 nuperis
551 3821 692 3886 Crameri
709 3819 831 3884 Anecd.
848 3819 922 3884 Par.
945 3821 960 3884 I
977 3843 1008 3905 p.
1025 3821 1067 3884 59
1088 3843 1156 3904 sqq.
1167 3823 1189 3905 z)

66 3923 95 3987 in
123 3928 367 4014 Aristophanem
402 3929 551 4014 quicquid
583 3930 827 3994 Taetzianorum
858 3929 1190 3994 commentariolorum

68 4037 190 4122 exstitit,
223 4040 264 4104 ad
291 4063 391 4104 unum
422 4040 577 4104 Ioannem
604 4039 742 4104 refertur
773 4040 1040 4104 constantissime.
1093 4038 1189 4102 Cuius

68 4145 106 4206 rei
125 4147 309 4214 documenta
331 4153 486 4235 congesta
508 4150 647 4234 reperies
673 4151 713 4214 ab
736 4151 804 4214 Ott.
829 4149 1023 4215 Schueitlero
1045 4149 1084 4211 de
1106 4148 1188 4212 font.

69 4253 154 4320 schol.
177 4259 276 4326 Arist.
299 4283 330 4345 p.
350 4261 409 4326 123
432 4283 500 4345 sqq.
527 4261 585 4324 127
607 4268 639 4324 ct
660 4259 826 4324 Dindorfio
848 4260 950 4345 prael.
973 4258 1071 4322 schol.
1093 4281 1126 4343 p.
1151 4260 1190 4323 12

70 4381 126 4446 sqq.
149 4367 194 4432 ed.
218 4369 277 4434 Ox.
302 4371 351 4456 (ut
373 4391 457 4435 vana
479 4369 522 4434 sit
537 4369 737 4453 Bernhardyi
758 4391 789 4453 p.
805 4371 867 4434 823
882 4368 1064 4452 dubitatio).
1102 4368 1189 4432 Indi·
