2990 5140
475 359 511 404 ιιι
534 357 818 408 λιιιειουιιλκιιιι.
1154 341 1217 404 203

25 532 53 570 ιιι
68 511 452 592 άδικεῑν·ἀναιδε’(τερον
479 511 634 590 ἤρξαντο,
662 512 711 576 καί
739 511 797 575 ούκ
819 512 936 590 ἤθελον
958 513 1046 590 παρὰ
1074 514 1217 589 ποιητῶν

66 627 142 686 τῶν
171 623 221 686 καῖ
250 622 447 687 διδαεκόλων
470 622 679 700 καλουμένων
703 621 893 701 ἐλέγχεεθαι.
937 623 1000 700 Τῆ(
1022 621 1082 687 οὖν
1105 643 1217 704 κωμῳ-

66 733 145 796 δία(
173 736 229 810 τῆ(
258 733 458 810 καλουμένη(
484 733 613 812 πρώτη(
641 735 772 810 πρῶτα(
799 733 849 796 καλ
876 731 1005 812 εύρειή(
1032 733 1168 808 γέγονεν
1198 731 1217 796 ὁ

67 843 246 921 Μεγαρεύ(
277 841 459 922 (ουταρίων
493 841 511 906 ό
542 841 776 921 Τριποδίεκιοε,
811 841 878 906 υλό(
911 843 958 908 ύιν
993 843 1145 908 Φιλίννου
1180 843 1217 906 ὃ(

66 954 187 1036 φαύλῃ
208 953 331 1028 γυναικὶ
346 955 504 1017 (υνοικιῖιν
524 951 726 1036 άπολιπούεη
749 951 849 1018 αὐτόν
865 953 1047 1017 Διονυείων
1070 953 1217 1032 ήγμένων

25 1084 52 1122 τε
67 1063 228 1128 εί(ελθιίιν
252 1061 295 1128 εἰ(
316 1063 355 1126 τό
377 1063 514 1143 θέατρον
537 1063 670 1142 τέτταρα
699 1062 821 1142 ἰαμβεῖα
843 1065 931 1127 ταυτὶ
953 1063 1173 1142 ἀνεφθέγξατο
1196 1063 1217 1126 ά

66 1173 161 1250 μόνα
184 1175 250 1237 τῶν
267 1172 391 1238 ἐκείνου
406 1173 658 1252 (υγγραμμάτων
679 1173 872 1254 ἐφεύρονται
894 1176 960 1238 τῶν
984 1171 1093 1238 ἄλλων
1116 1173 1218 1237 ἁπάν-

65 1305 140 1348 των
170 1283 412 1363 ἠφανιεμένων·
457 1282 590 1348 ἀκούετε
619 1285 699 1367 λεῳ,
723 1281 1018 1362 (ουεαρῖων,λέγει
1039 1283 1114 1348 τάδε
1152 1283 1219 1348 υίό(

66 1393 233 1458 Φιλίννου
250 1393 437 1472 Μεγαρόθεν
453 1392 672 1472 Τριποδίεκιο(
731 1393 835 1458 Κακύν
856 1395 1014 1471 γυναῖκεε,
1035 1392 1105 1457 ἀλλ’
1120 1391 1219 1472 ὅμωε,

68 1503 98 1566 ὧ
130 1501 283 1582 δημόται,
342 1503 400 1566 οὐκ
427 1503 510 1568 ἐετιν
539 1503 645 1582 εὑρεῖν
674 1502 775 1568 οἰκίαν
804 1501 883 1568 ἄνευ
911 1507 1019 1567 κακού.
1065 1502 1218 1581 Ούτωείγ

25 1638 52 1674 αι
68 1615 190 1692 πρώτη
213 1612 364 1698 κωμῳδία
384 1613 423 1677 τό
445 1616 574 1692 (κῶμμα
596 1613 683 1692 εἶχεν
704 1612 994 1693 άπορακάλυπτον·
1017 1613 1162 1692 ἐξήρκεε(
1184 1615 1219 1678 δὲ

66 1725 110 1788 τὸ
134 1723 418 1801 ἀπαρακαλύπτω(
440 1722 557 1788 ούτω(ῖ
579 1725 745 1806 κωμῳδεῖν
767 1723 874 1802 μέχρι(
896 1721 1081 1788 Εὐπόλιδοε.
1135 1723 1218 1787 Ἐπεὶ
1239 1733 1284 1781 ιιι

66 1836 105 1896 δ’
129 1831 232 1898 ούτο(
259 1832 303 1896 εί(
325 1831 521 1912 Ἀλκιβιάδην
549 1833 607 1898 τὸν
631 1833 805 1912 (τρατηγόν
833 1832 992 1912 ἀπέρριψε
1015 1836 1143 1912 (κιῖιμμα
1170 1833 1219 1898 καί

67 1945 233 2023 φανερῶ(
246 1945 305 2022 τὴν
319 1941 518 2022 τραυλότητα
540 1943 659 2008 τούτου
676 1943 929 2022 διελοιδόρητεν,
952 1943 1067 2021 ἔτυχον
1089 1945 1125 2008 δέ
1146 1943 1218 2008 τότε

67 2055 123 2118 καί
147 2055 218 2118 ταῑ(
240 2053 396 2131 τριήρεειν
418 2052 511 2118 ὄντε(
534 2053 579 2117 ύι(
594 2053 772 2132 ναυμαχία(
793 2054 1075 2132 προεδοκωμένηε,
1098 2053 1218 2118 κελεύει

29 2166 143 2229 δτοῑ(
180 2163 397 2240 (τρατιιίπαιι,
434 2163 484 2226 καὶ
517 2163 536 2242 ἢ
569 2163 652 2228 ἅπαξ
685 2163 906 2243 ἐκβράττουειν
943 2163 1043 2228 αὐτόν
1081 2162 1124 2228 εΙε
1160 2165 1218 2242 τὴν

67 2275 252 2348 θάλατταν,
286 2273 336 2336 καί
363 2271 530 2348 ἀπώλετο,
565 2273 584 2351 ἢ
615 2273 733 2355 (χοίνῳ
761 2273 934 2352 δεδεμένον
964 2273 1141 2349 άνάγοντε(
1169 2273 1219 2336 καλ

67 2383 270 2458 κατάγοντε(
299 2381 377 2460 ἣεαν
407 2381 451 2448 εἰ(
478 2383 652 2460 θάλατταν,
681 2383 731 2446 καὶ
759 2384 851 2448 τέλο(
873 2383 1068 2462 περιέεωεαν
1089 2385 1218 2460 τοῦτον,

65 2497 131 2558 τού
156 2491 355 2571 Ἀλκιβιάδου
379 2492 526 2578 εἰπόντα(
548 2493 636 2578 αὐτῷ
668 2494 767 2572 βάπτε
790 2513 827 2571 με
850 2493 886 2556 (ὺ
908 2493 1071 2571 θυμέλαιε,
1094 2492 1159 2568 ἐγὼ
1182 2493 1218 2556 δέ

67 2625 104 2668 (ε
134 2603 324 2666 κατακλύεω
352 2601 460 2668 ὕδαειν
483 2602 736 2682 άλμυρωτάτοιε,
766 2603 815 2666 καῖ
837 2603 856 2681 ἢ
880 2603 984 2667 οὕτω(
1007 2604 1025 2682 ἠ
1051 2604 1218 2668 παντελῶ(

29 2713 311 2792 ιοδιεφθαρμένο(
338 2715 407 2777 τοί(
434 2713 543 2792 κύματι
570 2718 627 2790 ιὴ(
649 2733 681 2776 τε
705 2715 848 2792 φανερά(
875 2715 925 2776 καὶ
953 2717 1008 2790 τῆ(
1031 2715 1217 2792 (υμβολικῆε

67 2821 262 2904 κωμῳδίαε,
284 2822 424 2902 ἐπαύθη,
447 2823 466 2901 ἢ
489 2827 547 2886 τού
570 2825 720 2888 τοιούτου
743 2823 883 2888 θανάτου
905 2823 1090 2901 περιεωθεὶ(
1112 2823 1218 2888 οὐκέτι

67 2932 247 3015 κωμῳδίαν
269 2935 421 3010 μετῆλθεν
438 2932 726 3012 ἀπαρακάλυπτον,
749 2933 831 2998 ἀλλὰ
846 2933 1105 3013 ψηφιεμαθέντο(
1120 2932 1218 2996 Ἀλκι-

68 3043 189 3121 βιάδου
212 3045 378 3126 κωμῳδεῖν
400 3042 670 3121 ἐεχηματιεμένω(
686 3042 735 3106 καὶ
757 3045 797 3121 μὴ
820 3043 1007 3122 προδήλωε,
1030 3041 1126 3106 αὐτό(
1148 3041 1217 3106 τεά

68 3153 214 3218 Εὔπολι(
231 3151 384 3230 Κρατῖνό(
405 3172 438 3216 τε
461 3153 511 3216 καλ
528 3152 726 3232 Φερεκράτη(
749 3153 798 3216 καὶ
819 3152 975 3230 Πλάτων,
999 3152 1060 3232 οὐχ
1083 3151 1101 3216 ό
1124 3150 1217 3233 φιλό-

30 3303 53 3342 ,5
69 3282 197 3342 (οφοε,
222 3263 449 3342 Ἀριττοφόνη(
464 3282 497 3326 τε
513 3263 570 3326 (ύν
593 3261 713 3340 ἑτέροι(
727 3263 767 3326 τὰ
782 3262 951 3341 (υμβολικύ
966 3261 1216 3342 μετεχειρίεαντο

66 3375 245 3450 (κώμματα
267 3372 317 3435 καὶ
338 3372 357 3450 ἡ
380 3373 515 3452 δευτέρα
536 3370 687 3454 κωμῳδία
709 3377 746 3454 τῇ
769 3370 876 3456 ἀττικῇ
899 3371 1126 3450 άνεεκίρτηεεν.
1164 3371 1216 3436 Ώ(

66 3479 94 3547 δ’
120 3481 282 3546 ἐπίπλεον
303 3469 492 3561 ἐπεχείρουν
513 3481 544 3546 οἱ
566 3481 697 3546 Ἀττικολ
726 3481 844 3546 ἀδικεῖν
875 3483 924 3544 καὶ
951 3481 1028 3546 οὐδὲ
1050 3480 1217 3560 (υμβόλοιε

66 3593 259 3670 ἐλέγχεεθαι
280 3591 415 3669 ἤθελον,
438 3591 638 3670 ἐψηφίεαντο
659 3594 854 3670 (υμβολικῶε
876 3593 932 3670 μὲν
952 3591 1090 3666 γίνεεθαι
1105 3612 1216 3674 κωμῳ-

66 3703 162 3780 δίοε,
191 3702 275 3780 πλὴν
303 3701 383 3765 κατὰ
410 3700 521 3780 μόνων
549 3701 679 3766 δούλων
706 3702 756 3765 καῖ
777 3702 895 3776 ξένων,
925 3700 1097 3766 κάντεῦθεν
1126 3703 1215 3780 καὶὴ

29 3845 54 3882 a,
66 3812 164 3892 τρίτη
187 3811 338 3895 κωμῳδία
360 3811 481 3891 ἐφάνη,
508 3809 546 3888 ἢ(
572 3809 612 3888 ἠν
636 3811 785 3888 Φιλήμων
813 3812 862 3874 καὶ
884 3811 1083 3890 Μένανδροε.
1127 3809 1216 3876 Ἀλλ’

66 3924 144 3987 ἐπεὶ
174 3921 230 3985 τά(
256 3921 416 4000 διαφορά(
444 3923 501 3998 τῆ(
527 3919 656 3998 λογίμη(
684 3919 851 4002 κωμῳδία(
874 3919 1057 3999 εἰρήκαμεν,
1086 3921 1216 3986 λεκτέον

66 4033 131 4110 ἠδη
159 4030 211 4093 καὶ
231 4030 316 4094 πόεα
337 4029 414 4110 μέρη
438 4029 542 4108 αὐτῆ(

140 4201 185 4251 26.
205 4199 355 4265 ἐφεύρεται
373 4195 442 4252 eorr'.
462 4197 631 4264 ἐφεύρονται
649 4196 708 4250 οοά.
773 4201 814 4250 2⁷.
834 4199 889 4252 λέω
909 4197 969 4250 cod.
1024 4198 1073 4266 [30.
1087 4199 1215 4268 ἐζήρκηεε

67 4292 146 4359 cod]
201 4295 225 4343 ό.
244 4291 437 4360 (τροτιιύταιελ
456 4292 602 4356 (υλλαβεῑν
620 4291 710 4344 αὐτὸν
728 4289 790 4344 add.
810 4289 895 4344 υοιλοιι
915 4289 1054 4344 Parisinus
1104 4297 1142 4346 16.
1155 4293 1216 4348 ἐπε·

68 4383 239 4450 (κίρτηεενθ
