2976 5140
289 305 352 371 682
560 306 563 310 ’
620 323 861 374 ττνιιοτοαιοι
884 324 1100 373 ammom

374 477 686 558 Ἀποεκορακὶῑιο
711 526 849 542 .....

373 589 614 666 Ἀπότροποε
637 587 727 653 οἴνοε
752 637 863 653 .....
895 590 998 655 οὕτω(
1024 591 1253 671 Ἐπαφρόδιτοε
1279 592 1310 659 ἐν
1332 593 1389 656 ὑπο-

287 699 393 777 μνήτει
415 700 561 764 Ἀεπίδοε
582 701 736 764 Ἠτιόδου.

371 812 584 890 Ἀπριάτην
615 859 751 874 .....
781 811 814 877 ἐξ
843 810 881 877 οὗ
905 811 1014 876 καὶτὸ
1037 810 1184 895 ποιῶμαι
1207 815 1294 894 φηεὶν
1312 814 1328 877 ό
1346 835 1390 876 κω-

286 923 393 999 μωδόε
417 919 573 1002 σελάχιον
596 969 736 984 .....

371 1032 653 1112 Ἀργειφόντητ
679 1079 818 1094 .....
851 1032 955 1096 οὕτω(
984 1031 1082 1112 εὗρον
1111 1035 1146 1100 ἐν
1174 1035 1390 1114 ὑπομνήτειτοῡ

286 1141 443 1209 Ἡειόδου.

371 1252 422 1314 20,
447 1253 532 1331 Ἀρά
557 1300 668 1314 .....
692 1253 741 1315 καὶ
756 1253 914 1330 Ὅμηροε’
938 1251 1052 1334 εὔχετο
1068 1250 1151 1336 χεῖρ’
1169 1251 1291 1337 ὀρέγων
1306 1302 1390 1316 .....
1472 1279 1473 1292 ¹

371 1363 653 1442 Ἀργειφόντης
677 1363 695 1425 ό
718 1363 828 1442 Ἑρμῆε
851 1365 931 1442 παρ’
946 1365 1073 1445 Ὁμήρω
1095 1367 1146 1428 καὶ
1168 1368 1254 1456 παρὰ
1274 1367 1391 1429 πολλοῑι·

286 1474 373 1551 παρὰ
396 1475 430 1537 δὲ
454 1473 621 1552 (οφοκλῆε
644 1473 696 1537 ἐπὶ
718 1478 777 1537 τοῦ
800 1473 994 1539 ἀπόλλωνοε
1022 1475 1072 1539 καὶ
1098 1475 1278 1555 παρθενίου.
1297 1474 1392 1538 καὶέπὶ
1472 1419 1473 1506 λ

286 1587 344 1647 τοῦ
367 1586 509 1664 τηλεφοῦ
533 1583 605 1666 (sic)
631 1632 770 1645 .....

370 1695 555 1772 Ἄργυροε
585 1741 725 1755 .....

374 1801 609 1888 [Ἀργύρειοτ
628 1850 835 1866 .......
859 1805 898 1867 τὰ
921 1803 1022 1889 χρόα]
1046 1806 1085 1870 τὰ
1107 1810 1246 1884 τταθμοῦ
1262 1805 1393 1883 γράμματα
1472 1803 1473 1880 χ

286 1912 356 1991 τριά
382 1961 521 1975 .....
1472 1909 1473 1928 ³

371 2024 499 2102 Ἀρόιε
525 2022 544 2100 ἡ
568 2023 634 2086 ἀκὶτ
657 2027 715 2086 τοῦ
739 2025 864 2102 βέλοιιε.
887 2025 937 2087 καὶ
959 2023 1065 2089 οὕτω(
1090 2027 1298 2106 Καλλίμαχοε·
1318 2017 1394 2093 αὐτὸς

286 2127 303 2194 ὁ
336 2127 490 2214 τοξευτής
523 2130 625 2214 ἄρδιν
658 2135 743 2214 ἔχων
775 2132 890 2216 ἑτέρου
928 2183 934 2196 .
967 2183 974 2197 .
1008 2183 1014 2196 .
1048 2184 1054 2197 .
1084 2184 1091 2198 .
1127 2136 1232 2200 οὕτω(
1266 2132 1393 2215 Ἐπαφρό
1472 2185 1473 2190 1

286 2248 381 2308 οιτοε.

370 2353 420 2417 25.
445 2354 597 2432 Ἄρειος
613 2355 717 2429 πάχοε
735 2403 834 2417 .....
854 2355 1064 2435 Καλλίμαχος·
1089 2355 1128 2418 αι’
1145 2355 1182 2419 δὲ
1199 2351 1392 2438 πάγονφερὲ-

286 2481 384 2525 οοσιν
407 2462 570 2546 ἔτάρρεος
594 2513 733 2526 .....
758 2467 777 2542 ἢ
801 2464 845 2529 ὼε
869 2486 964 2545 φηειν
986 2465 1150 2546 Αἰεχύλοε,
1174 2467 1224 2531 δτι
1243 2467 1273 2530 αἱ
1292 2463 1393 2542 Ἀμαζό-

286 2594 339 2638 νε(
362 2575 414 2637 ἐπὶ
436 2574 493 2638 τὸν
516 2574 619 2639 τόπον
642 2575 767 2639 ἐκεῖνον
790 2576 1037 2655 ἐετρατεύεαντο
1058 2577 1171 2656 Ἀρεο(
1196 2576 1289 2642 ὄντα(
1305 2619 1392 2638 .....

288 2683 332 2746 ὼ(
355 2684 404 2746 καὶ
427 2684 584 2761 Ὅμηροε·
607 2681 712 2765 πάγος
734 2681 804 2747 όέοι
827 2679 1055 2766 ἀντιβολῆσαι.

286 2893 294 2897 .
302 2890 486 2898 -..-—.-—-——

355 3002 394 3049 16.
431 2996 637 3064 Ἀποεκορκίζω
658 2997 717 3050 cod.
736 3019 770 3044 =
787 2996 830 3050 Et.
850 2997 886 3050 M.
908 2996 985 3050 Sorb.
1008 3003 1064 3062 127,
1082 3003 1115 3051 29

353 3096 392 3142 17.
431 3091 607 3156 Ἀπότροποε
625 3113 659 3135 =
678 3089 748 3142 ouo.
767 3097 808 3156 69,
825 3096 860 3144 43

355 3187 393 3234 18.
433 3171 585 3248 Ἀπριάτην
602 3206 637 3229 =
655 3183 724 3236 ouo.
745 3190 785 3248 79,
804 3189 847 3248 253
866 3184 910 3237 Et.
930 3183 965 3237 M.
987 3182 1065 3238 Sorb.
1087 3189 1144 3248 132,
1162 3189 1205 3237 46,
1229 3214 1259 3222 -
1279 3175 1392 3249 Ειιρολιᾶλὅ

285 3277 316 3327 λ’τ.
337 3292 363 3343 p.
384 3281 433 3328 498
452 3293 492 3340 oq.
512 3275 593 3328 Mein.

354 3391 392 3438 19.
433 3387 632 3452 Ἀργειφόντηε
649 3410 684 3433 =
702 3387 771 3440 ouo.
795 3393 834 3450 71,
853 3392 952 3440 41-42

352 3485 391 3531 20.
431 3479 509 3543 Ἀράε
530 3480 562 3532 cf.
584 3479 653 3532 oud.
674 3487 755 3544 72,1.
777 3487 806 3533 13

352 3578 391 3625 91.
432 3573 631 3640 Ἀργειφόντηε
658 3597 691 3619 =
718 3572 788 3625 Gud.
817 3579 857 3636 71,
884 3579 929 3626 59ε
961 3574 993 3626 cf.
1022 3571 1145 3628 Crameri
1169 3571 1270 3626 Aneed.
1295 3569 1348 3623 Par.
1367 3560 1392 3614 lY

284 3684 310 3732 p.
331 3671 371 3730 99,
390 3672 430 3717 21.
450 3695 482 3702 -
502 3664 645 3733 Sophoclis
665 3667 698 3718 fr.
718 3672 765 3720 917
785 3665 854 3719 Nok.

352 3781 392 3828 22.
431 3777 563 3842 Ἀργιιρόε
583 3776 641 3829 cod.
662 3800 695 3824 =
714 3776 783 3829 Gud.
804 3783 844 3840 71,
863 3782 878 3828 9

352 3874 392 3922 93.
431 3870 497 3921 Ἀτὰ
517 3874 620 3933 χαλκοῦ
641 3875 770 3934 (ταθμοῖε
789 3871 937 3936 γράμματα
955 3869 1018 3935 τρία
1037 3871 1092 3922 κτὲ.
1111 3868 1172 3922 cod.
1190 3891 1224 3915 =
1241 3865 1306 3920 oud.
1324 3869 1356 3918 71,
1372 3867 1393 3909 1⁰

351 3968 391 4014 24.
428 3965 480 4027 Ἄρ
504 3962 520 4025 ή
546 3963 614 4028 ἁκὴε
637 3968 687 4016 τοῦ
713 3965 808 4026 βέλου(
827 3962 886 4016 cod.
910 3986 944 4009 =
968 3961 1038 4015 Gud.
1058 3967 1099 4027 78,
1118 3969 1146 4026 9;
1168 3961 1257 4031 Etym.
1280 3958 1312 4011 M.
1333 3951 1391 4007 Sorb.

286 4061 341 4120 137,
359 4061 399 4108 49.
421 4085 453 4093 -
472 4053 633 4108 Callimachi
651 4056 684 4108 fr.
706 4062 752 4108 130

353 4163 392 4208 25.
430 4157 538 4222 Ἄρειοι
559 4158 647 4221 πάγοε
665 4179 699 4202 =
718 4156 787 4209 ouo.
809 4163 848 4220 74,
868 4164 913 4220 ό7ς
932 4157 975 4210 Et..
995 4157 1032 4210 M.
1053 4157 1132 4211 Sorb.
1154 4164 1210 4223 139,
1222 4161 1244 4210 8.
1262 4183 1291 4194 ·-
1309 4147 1390 4204 &Uim

285 4252 317 4300 1“ι·,
338 4254 393 4301 119.
415 4279 446 4286 -—
470 4249 568 4303 Aesoh.
591 4249 669 4301 Ειιιτι.
695 4255 744 4302 689
764 4250 795 4304 H.
822 4281 854 4290 -
878 4253 1014 4319 Ὅμηροε]
1040 4251 1124 4304 immo
1143 4249 1275 4304 Hesiodus
1297 4241 1389 4298 scutis.

285 4350 333 4394 139
354 4343 454 4406 (πάγοε
473 4345 503 4395 δὲ
521 4343 546 4396 οἱ
565 4344 764 4409 ἀντεβόληεεν)
