2954 5134
281 342 343 405 568
569 357 827 406 ανοιιοτοαινιι
851 359 1134 408 vrnnossousnsn.

282 511 351 594 cipe
379 511 433 593 ἐφ’
461 510 510 577 οίε
537 509 597 577 οὐκ
624 511 697 592 ἔχει.
740 509 815 576 Non
843 515 950 576 nutem
976 511 1009 575 id
1032 512 1173 598 egimus,
1203 519 1238 578 ut
1262 537 1339 579 suun
1358 516 1392 578 illi

281 621 410 685 dialecti
433 642 534 706 genus
556 621 771 686 restituamus.

369 732 616 814 18.ιρρονίμουε
645 733 664 798 ὁ
694 733 819 814 φθόνοι
847 732 1055 820 ἀπαλλάττει]
1077 733 1168 800 Haec
1190 735 1326 820 intellegi
1355 757 1394 799 ne·

282 847 411 927 queunt.
457 842 557 908 Recte
580 844 664 926 apud
687 842 848 908 Welzium
871 867 902 927 p.
919 843 983 908 499
1005 846 1185 928 φρονίμου(
1208 846 1226 912 ὁ
1248 848 1337 923 λόγοε
1355 850 1395 924 ult

282 953 384 1034 λύπηε
406 955 606 1020 ἀπαλλάττει.

369 1063 408 1128 19
430 1064 587 1145 ἀνδρῶν
609 1065 643 1130 δ’
666 1064 840 1132 ἀπίετων
864 1065 986 1145 ὅρκον
1009 1066 1066 1132 είε
1088 1067 1192 1148 ὕδωρ
1213 1067 1334 1149 γράφε

282 1196 355 1238 νοτε
387 1173 550 1258 Hauptius
583 1175 752 1259 supplevit.
808 1174 868 1239 Est
901 1176 985 1239 inter
1017 1176 1189 1241 Menandri
1222 1177 1308 1243 Sent.
1334 1177 1397 1260 sing.

282 1309 311 1350 ν.
328 1284 370 1351 25
393 1290 425 1349 et
447 1285 481 1348 iu
497 1284 651 1350 Brunckii
669 1285 802 1350 Gnomis
824 1286 1033 1351 monostichis
1055 1287 1129 1372 346,
1151 1287 1214 1352 nisi
1237 1288 1317 1373 quod
1337 1291 1398 1351 utro·

282 1418 342 1480 que
365 1397 435 1460 loco
457 1397 588 1477 ἀνδρῶν
611 1399 646 1462 δὲ
670 1397 808 1477 φαύλων
832 1397 991 1461 scribitur.
1259 1478 1261 1482 ι

370 1507 409 1572 19
431 1509 534 1588 μικραί
553 1508 693 1591 χάριτεε]
711 1507 886 1572 Democriti
910 1507 994 1591 apud
1009 1508 1185 1572 Maximum
1201 1513 1233 1573 et
1247 1509 1399 1574 Antoniou

283 1641 314 1702 p.
339 1618 391 1700 96,
418 1619 455 1682 18
484 1622 515 1681 et
538 1617 636 1683 Orell.
668 1639 699 1700 p.
723 1617 781 1700 86,
811 1618 880 1682 sine
907 1619 1036 1683 nomine
1065 1620 1205 1684 auctoris
1232 1619 1314 1704 opud
1335 1618 1399 1681 ll'al·

283 1728 366 1791 zium
388 1750 420 1810 p.
443 1728 505 1792 497
535 1731 566 1792 et
594 1727 786 1812 Georgidem
817 1727 1029 1813 Gnomologio
1057 1751 1077 1793 s
1105 1728 1311 1794 Boissonndio
1337 1727 1400 1793 edito

285 1838 406 1903 Auecd.
430 1838 446 1901 I
469 1861 500 1922 p.
517 1839 569 1902 61.
612 1837 752 1912 Quorum
775 1860 850 1922 pars
871 1842 945 1921 post
966 1840 1180 1922 λαμβάνουειν
1204 1839 1291 1905 addit
1312 1841 1343 1905 ἐν
1361 1858 1400 1902 πε·

284 1949 424 2029 ριετάεει.

367 2059 410 2122 29
431 2059 623 2144 κρείττονεε]
646 2059 741 2143 Apud
757 2059 917 2124 Wulzium
938 2083 969 2144 p.
986 2060 1050 2124 494
1071 2063 1103 2125 et
1118 2060 1308 2146 Georgidem
1322 2081 1347 2144 p.
1361 2061 1400 2122 49.

216 2176 266 2229 Vll
368 2170 462 2234 2201
494 2171 753 2254 πεπαιδευμένοι]
787 2170 990 2236 Simillimum
1016 2171 1094 2235 illud
1127 2171 1308 2236 Aristotelis
1336 2167 1401 2254 apud

285 2281 463 2366 Diogenem
486 2279 525 2363 V,
552 2282 601 2356 19,
624 2281 796 2345 Arsenium
818 2304 850 2364 p.
877 2282 948 2346 121.
1471 2259 1472 2270 ¹

369 2391 411 2456 25
432 2391 564 2475 ταύτόν]
587 2391 726 2476 Diogeni
748 2391 901 2455 tribuitur
922 2413 942 2456 a
964 2391 1050 2456 Max.
1075 2395 1108 2456 et
1122 2391 1199 2458 Ant.
1216 2392 1243 2457 L
1259 2415 1288 2476 p.
1305 2392 1349 2472 76,
1365 2387 1399 2452 14.

284 2501 393 2566 Habes
416 2501 513 2565 etiarn
534 2503 570 2565 iu
593 2501 770 2565 Walzinnis
793 2525 825 2585 p.
849 2501 922 2566 498.

369 2613 409 2677 27
431 2612 534 2676 ίππου
550 2613 620 2696 μὲν]
637 2612 802 2676 Plutarchi
818 2613 920 2676 fertur
935 2614 1019 2696 apud
1034 2613 1120 2678 llas.
1138 2617 1171 2678 et
1187 2615 1266 2678 Aut.
1279 2606 1401 2679 CXXXV

285 2746 316 2806 p.
340 2723 413 2804 230,
437 2722 490 2805 46,
514 2723 583 2786 sine
605 2722 735 2786 nomine
758 2727 863 2786 exstet
891 2723 974 2807 opud
997 2723 1158 2788 Wslzium
1181 2747 1213 2808 p.
1236 2724 1306 2789 498.
1331 2721 1400 2788 Cete-
1470 2741 1471 2792 p

284 2854 355 2896 rum
377 2832 478 2896 scribe
501 2837 596 2913 κρῖνε.

370 2943 410 3007 28
435 2945 477 3009 είε
501 2945 675 3028 ὠφέλειαν]
698 2948 754 3023 τῆε
784 2946 889 3024 ψυχῆε
911 2943 1036 3008 videtur
1058 2944 1229 3010 excidisse:
1258 2945 1297 3009 el.
1318 2967 1343 3006 ν.
1363 2938 1399 3003 12.

371 3053 413 3117 29
446 3055 475 3117 οἱ
504 3054 662 3138 ἀληθινοὶ]
696 3054 872 3118 Democriti
902 3053 985 3137 apud
1014 3054 1100 3117 Max.
1130 3057 1163 3118 et
1192 3057 1271 3120 Ant.
1298 3078 1326 3138 p.
1345 3051 1399 3126 214,
1469 3085 1470 3142 3

289 3167 329 3228 14
351 3168 383 3228 et
406 3163 578 3228 Arsenium
601 3187 632 3247 p.
653 3164 722 3228 193.
758 3163 821 3227 Pro
841 3164 919 3229 ἰδία(
941 3186 980 3228 οτι
1002 3163 1066 3227 illis
1089 3164 1291 3229 scribendum
1310 3161 1400 3242 ὴλείαε,

286 3297 353 3340 non
376 3276 486 3354 ἡδίονι
510 3297 581 3339 cum
604 3273 744 3338 Walzio:
767 3278 934 3357 praeterea
958 3275 1005 3340 ιίιν
1027 3276 1085 3354 μὲν
1108 3276 1378 3343 ευναπολαιίοντει.

369 3386 409 3471 31
435 3386 532 3469 ἔοικε]
555 3384 695 3448 Socratis
718 3384 839 3447 dictum
861 3385 945 3468 opud
968 3385 1139 3449 Stobneum
1161 3384 1251 3469 xvi,
1274 3385 1322 3449 27.

370 3496 412 3558 32
434 3498 527 3574 λιμὴν
550 3497 621 3579 μὲν]
644 3495 776 3579 Legitur
798 3495 883 3558 inter
904 3495 1086 3579 Demophili
1107 3498 1227 3575 Ὅμοια
1248 3518 1278 3580 p.
1294 3487 1398 3558 sorel.

286 3607 332 3670 sio
361 3606 515 3688 scriptum
543 3607 634 3687 λιμήν
665 3608 723 3685 μἐν
745 3606 849 3689 πλοίῳ
873 3606 988 3688 ὅρμαε,
1019 3606 1077 3690 βίῳ
1100 3608 1136 3672 δὲ
1157 3607 1265 3688 φιλία,
1291 3605 1398 3681 itemque

286 3718 370 3779 inter
393 3716 562 3780 Walnioua
591 3737 622 3799 p.
646 3715 726 3798 493,
756 3716 817 3779 nisi
848 3715 929 3800 quod
953 3737 1010 3799 pro
1038 3717 1128 3798 φιλία
1155 3716 1201 3780 ibi
1224 3721 1272 3780 est
1292 3711 1397 3778 ἀλυπίοῑ

286 3831 453 3909 practerea
485 3826 519 3890 in
547 3826 716 3890 lllcuundri
751 3826 927 3891 Sententiis
955 3826 1171 3911 singularibus
1203 3849 1233 3890 ν.
1257 3824 1314 3890 318
1336 3815 1396 3902 opud

287 3937 483 4002 lleinekiuur
507 3937 567 4002 sic:
593 3940 685 4019 λιμὴν
709 3939 826 4003 πλοίου
848 3941 920 4017 μὲν,
944 3937 1063 4003 ἀλυπία
1084 3938 1117 4002 δ’
1139 3937 1241 4017 ὅρμοι
1262 3936 1336 4018 βίους
1354 3930 1395 3992 λιι
1467 3977 1468 4000 ι

288 4052 394 4112 autern
427 4049 530 4110 formu
563 4050 646 4130 apud
682 4047 924 4122 Boissouadium
957 4046 1080 4139 Anecd.
1114 4047 1129 4110 l
1161 4069 1192 4130 p.
1229 4047 1300 4110 156:
1328 4039 1396 4116 lpdv

287 4160 404 4223 πλοίου
433 4159 549 4239 ὅρμοι,
579 4159 648 4239 βίον
676 4161 710 4223 δ’
738 4159 869 4224 ἀλυπίας
903 4157 966 4222 uisi
994 4157 1076 4241 quod
1104 4157 1148 4222 ibi
1178 4158 1212 4221 in
1242 4154 1303 4222 cod.
1325 4156 1396 4213 :lt-‘l

287 4273 346 4333 τοῦ
369 4270 484 4334 πλοίου
508 4271 540 4332 et
561 4272 618 4332 τοῦ
643 4270 728 4349 βίου,
753 4270 786 4332 iu
810 4268 962 4333 lleinelrii
984 4271 1090 4332 autem
1113 4269 1163 4332 vel
1178 4267 1282 4353 potius
1296 4255 1396 4328 Schnei-

288 4378 356 4442 dcri
383 4378 625 4443 Vindobonensi
654 4383 711 4446 τοῦ
741 4379 810 4461 βίου
840 4380 940 4461 ὅρμοι
966 4381 1026 4444 τοῦ
1055 4377 1125 4460 βίου
1152 4379 1187 4445 δ’
1214 4373 1334 4452 ἀλυπία,
1361 4387 1396 4429 su·
