2954 5134
445 329 493 376 nu
516 327 585 376 ono
609 329 653 376 nr
676 329 817 376 ouroun.
1139 315 1202 379 605

74 501 179 544 nomen
199 479 411 544 substitrmtur
438 479 473 544 in
502 480 632 544 alterius
660 481 774 544 locum.
821 481 927 564 Atque
950 503 1020 546 eam
1042 483 1203 546 rationem

75 611 138 654 rere
156 589 328 654 tenendam
350 611 435 672 esse,
464 590 600 654 internis
629 591 826 675 argumentis
854 590 992 654 efficitur
1018 614 1084 654 non
1115 591 1201 656 infir-

75 700 226 782 mioribus,
256 722 352 784 quam
381 699 494 784 quibus
523 701 683 764 contraria
705 701 856 764 harcheri
884 701 1067 764 coniectura
1094 701 1201 786 exagi-

75 813 134 872 tata
158 815 205 874 est
230 815 262 873 et
289 815 325 872 ut
352 811 489 874 arbitror
522 810 678 874 convicta.
730 809 817 886 Quae
850 811 977 894 quidem
1011 815 1201 896 argumenta

75 919 210 1002 quoniam
232 941 270 984 er
294 921 532 1004 comparatione
555 919 747 1003 reliquorum
769 920 826 984 Ori
849 919 1101 1004 fragmentorum
1124 943 1201 1004 pen·

74 1029 141 1092 dent
169 1033 279 1112 postea
312 1029 438 1094 demum
468 1029 682 1110 instituenda,
719 1029 780 1094 hoe
813 1029 882 1094 loco
915 1031 993 1094 satis
1026 1031 1128 1094 habeo
1161 1029 1201 1094 ad

74 1139 200 1222 ipsorum
221 1139 453 1224 discrepantias
476 1139 770 1223 Etymologicorum
794 1161 975 1222 provocare.
1010 1139 1108 1204 Velut
1128 1162 1200 1224 gra-

75 1249 221 1314 vissimum
243 1250 304 1314 hoc
326 1249 483 1333 estquod,
508 1271 579 1313 cum
595 1249 630 1312 in
645 1236 721 1312 voce
737 1250 839 1329 ἴχνος,
861 1271 942 1333 quae
957 1272 1023 1313 non
1047 1252 1095 1314 est
1117 1250 1201 1334 apud

75 1357 227 1442 Orionem,
257 1361 292 1424 in
320 1358 468 1424 Gudiano
495 1382 527 1444 p.
551 1360 630 1440 286,
654 1359 695 1422 46
723 1358 877 1443 scriptum
906 1360 948 1422 sit
976 1361 1107 1440 Ὠρίων,
1136 1361 1201 1443 ple-

75 1489 141 1532 num
171 1471 267 1550 Ὠροε
303 1471 322 1534 ὁ
355 1471 507 1549 Μιλήειοε
539 1490 656 1532 nomen
686 1467 827 1532 Zonaras
867 1469 1007 1552 prodidit
1039 1491 1070 1553 p.
1109 1470 1199 1534 1036.

75 1577 145 1642 ltem
166 1579 198 1644 in
220 1579 274 1645 Et.
298 1579 343 1643 M.
367 1601 396 1642 v.
420 1579 589 1660 ἀδολεεχία
611 1601 642 1663 ρ.
669 1579 719 1660 18,
743 1578 762 1642 8
786 1577 973 1662 Sylburgius
996 1578 1095 1642 edidit
1117 1581 1201 1656 λέγει

75 1691 101 1752 δ’
121 1689 248 1773 Ὠρίων,
278 1689 335 1754 Ori
365 1711 482 1752 nomen
505 1689 626 1753 eruitur
654 1691 842 1772 econupta
864 1687 1055 1752 Dorvilliani
1084 1689 1200 1754 codicis

75 1798 218 1882 scriptura
241 1799 358 1884 (praef.
382 1799 416 1864 in
440 1798 522 1862 Gud.
546 1821 577 1882 p.
595 1797 671 1883 Xll)
695 1800 779 1877 λέγω
802 1801 835 1864 δ’
859 1797 957 1878 ὦρον.
994 1799 1114 1873 Quibus
1138 1800 1201 1862 alia

75 1907 214 1972 accedent
236 1913 255 1990 ᾗ
281 1909 320 1973 16
347 1909 554 1990 reservanda,
584 1907 667 1992 quod
695 1907 866 1972 coniuncta
892 1911 968 1971 sunt
995 1931 1066 1972 cum
1094 1909 1200 1990 (ωρα-

74 2018 123 2082 νόε
144 2019 278 2083 nomine.
324 2018 479 2082 Nolumus
508 2019 593 2082 enim
621 2017 762 2102 arripere
793 2016 953 2100 cupidius,
982 2017 1064 2103 quod
1092 2041 1121 2082 v.
1145 2019 1200 2098 ἄγ-

73 2147 160 2206 γαρο(
189 2131 222 2192 et
253 2129 384 2212 ἀγγριά(
417 2152 449 2212 p.
479 2129 518 2211 6,
550 2129 602 2192 46.
631 2127 794 2192 50·iden1
828 2127 1045 2192 Dorvillianus
1081 2136 1126 2212 (p.
1156 2128 1200 2214 X)

74 2258 188 2318 prorsus
216 2238 324 2304 omisit
356 2239 460 2305 οὕτω(
488 2239 604 2318 Ὠρίων
632 2231 739 2303 νένίω.
784 2235 997 2321 Quamquam,
1031 2237 1058 2302 si
1091 2260 1200 2302 verum

74 2345 158 2410 fateri
184 2348 343 2430 volumus,
375 2349 450 2432 quid
478 2348 610 2412 tandem
637 2370 716 2432 opus
744 2352 793 2410 est
821 2347 1004 2410 testimonia
1032 2348 1199 2432 anquirere

75 2455 133 2520 eius
156 2459 215 2542 rei,
247 2459 336 2524 cuius
370 2458 488 2524 similia
516 2459 661 2542 exempla
695 2461 820 2522 exstare
852 2479 925 2522 vere
953 2457 1199 2521 innumerabilia
1217 2471 1249 2517 aa

75 2587 156 2630 nemo
176 2571 315 2652 nesciat,
347 2569 400 2653 qui
423 2569 560 2653 aliquem
582 2569 694 2632 harum
717 2589 823 2632 rerum
845 2589 935 2630 usum
958 2565 1075 2630 habeat
1097 2571 1129 2630 et
1150 2567 1200 2631 vel

75 2675 174 2742 leviter
199 2679 383 2744 recordetur
410 2678 573 2742 nominum
603 2679 644 2742 ab
670 2679 742 2759 ‘ttp-
770 2678 839 2742 Ἡε-
868 2678 942 2742 oo·
964 2679 1063 2754 Διογ-
1085 2679 1200 2758 Ἀριετ-

75 2786 131 2868 [Ἰε-
152 2791 236 2870 Δημ-
260 2790 393 2854 Ἀπολλ-
417 2790 512 2854 Φαιδ-
535 2787 671 2876 Ἀντιφ-]
695 2787 826 2871 syllabis
849 2787 1094 2870 incipientium?

582 2987 602 3066 q
627 2985 676 3048 ω.

148 3117 207 3184 Via
227 3121 391 3204 patefacta
418 3123 482 3202 est,
511 3141 573 3204 qua
602 3141 669 3184 non
697 3119 830 3204 exiguus
852 3119 996 3183 videatur
1023 3117 1199 3204 insignium

75 3247 109 3288 er
129 3228 179 3293 Ori
200 3231 327 3315 scriptis
349 3229 567 3315 grammaticis
589 3229 843 3314 fragmentorum
865 3251 1014 3293 numerus
1040 3230 1130 3313 quasi
1152 3251 1199 3292 re-

77 3341 205 3420 cuperari
227 3363 331 3425 posse.
377 3339 434 3406 Oui
462 3343 573 3404 tamen
601 3340 785 3424 priusquam
807 3343 876 3402 tuto
900 3339 1099 3420 insistemus,
1129 3338 1199 3402 dili-

76 3451 246 3528 gentissime
268 3450 464 3536 perferenda
484 3450 548 3514 alia
566 3453 614 3514 est
629 3450 772 3534 quaestio
787 3448 952 3534 quaedam.
987 3448 1068 3524 Quid
1090 3449 1199 3512 enim?

77 3555 113 3640 si,
138 3561 215 3644 qnod
242 3561 282 3624 ad
311 3583 369 3624 nos
396 3561 557 3646 pervenit,
589 3581 629 3623 ue
660 3559 702 3623 sit
734 3559 860 3643 quidem
888 3558 1049 3644 integrum
1071 3557 1199 3624 Orionis

75 3663 212 3754 lexicum,
236 3671 291 3736 sed
313 3671 353 3734 ad
375 3671 598 3756 pervulgatum
620 3669 829 3752 epitomarum
852 3668 933 3751 sive,
963 3672 998 3732 ut
1025 3668 1125 3732 latine
1154 3669 1198 3732 lo·

77 3797 205 3864 quamur,
233 3781 476 3846 summariorum
503 3801 605 3865 genus
627 3779 812 3864 pertineat?
855 3779 905 3842 lta
933 3779 1018 3842 enim
1040 3777 1074 3841 in
1096 3781 1198 3842 trans-

77 3907 186 3954 versum
207 3913 375 3978 ageremur
397 3890 585 3955 necessario
619 3891 725 3974 Atque
748 3889 845 3952 habet
866 3887 944 3954 illud
965 3889 1119 3974 profecto,
1144 3909 1199 3952 cur

77 3999 171 4062 multis
205 4003 396 4086 placiturum
432 4002 475 4066 sit
510 4023 576 4066 non
609 4001 820 4065 mediocriter.
876 3999 995 4075 Quibus
1028 3997 1198 4062 viderimus

77 4109 141 4188 quid
162 4111 269 4176 critica
292 4133 344 4176 ars
366 4111 558 4196 respondeat
581 4133 645 4174 non
667 4111 779 4174 leviter
800 4110 959 4174 factitata.

131 4219 250 4305 Duplex
273 4222 394 4286 editum
416 4225 527 4286 estex
550 4225 661 4286 Orione
681 4233 893 4302 excerptorum
916 4239 1033 4302 genus,
1064 4217 1199 4281 alterum

78 4327 329 4398 ellarmstadino
359 4331 441 4397 libro
468 4331 546 4396 satis
573 4331 627 4395 illo
650 4329 753 4394 Bastii
775 4329 965 4394 testimoniis
992 4332 1086 4410 noto,
1115 4349 1145 4392 ν.
1169 4347 1196 4390 c.
