2954 5134
438 353 485 402 nn
508 353 579 402 ono
602 354 646 402 nr
670 356 813 404 ossone.
1133 341 1197 406 599

65 506 135 589 415,
157 507 206 572 33.
232 507 275 570 42
301 506 438 591 legimus
464 506 503 570 ds
531 508 796 588 resuscitentur,
823 509 918 588 ξηνόε
947 513 979 573 et
1007 514 1084 589 ξῑρι(
1105 515 1196 576 nota·

66 617 174 698 lionae,
198 638 250 682 eas
273 639 312 682 ex
333 615 513 682 Havniensi
528 615 751 702 Etymologico
775 617 925 683 Blochius
947 619 1057 683 attulit
1073 619 1194 684 Adnot.

64 749 91 810 p.
114 727 172 792 980
192 749 257 819 sq.
289 726 373 790 Leve
401 731 449 790 cst
476 727 578 810 enim,
607 727 688 811 quod
718 729 826 812 paullo
855 729 1049 794 contractius
1078 729 1195 794 Gudia-

65 859 131 900 num
158 838 313 917 estpelut
341 837 376 902 in
403 839 539 916 ξόανον,
570 839 846 922 ξυναυλιζόμενοι,
873 841 1082 908 ξυνεδέεαντο
1111 841 1194 904 voci-

65 947 115 1010 bus
142 949 266 1030 (contra
294 951 390 1032 atque
417 947 452 1012 in
474 949 585 1030 ξυνόε,
616 948 768 1014 lacunosa
796 971 834 1013 ea
861 949 1063 1014 librariorum
1087 950 1245 1036 vitio);1s

64 1057 136 1140 quod
170 1081 240 1124 cum
273 1059 377 1122 rarius
411 1057 505 1123 cadat
537 1058 572 1122 in
605 1057 777 1142 Magnum,
808 1063 844 1123 ut
873 1082 903 1124 ν.
937 1061 1050 1143 ξηρόν,
1083 1061 1193 1144 ξύλον,

63 1168 159 1252 ξίφοε,
187 1171 314 1252 ξυνήια,
344 1169 535 1253 aliquotiens
563 1171 674 1233 tamen
696 1168 731 1232 in
753 1169 813 1234 boe
841 1168 971 1234 liberius
995 1171 1194 1235 conformata

63 1279 174 1343 notatio
201 1283 265 1362 est,
296 1301 324 1343 e.
354 1301 381 1342 e.
410 1302 441 1344 v.
465 1279 609 1360 recepit.
662 1268 810 1348 Gudiano
842 1284 965 1363 autem,
996 1280 1023 1344 si
1054 1302 1092 1344 ex
1125 1285 1194 1345 toto

64 1387 154 1454 lexico
180 1389 332 1454 iudicium
359 1391 431 1472 fiat,
462 1389 626 1474 aliquanto
655 1389 812 1472 copiosius
841 1411 908 1454 esse
937 1389 1094 1474 Magnum
1115 1391 1193 1476 Ety-

62 1499 240 1584 melogicum
268 1521 460 1586 quamquam
488 1500 601 1584 fugere
629 1500 791 1564 neminem
820 1503 941 1584 potest,
970 1503 1079 1564 tamen
1106 1521 1193 1566 secu-

62 1609 118 1673 rius
140 1611 222 1695 egit,
252 1611 307 1695 qui
329 1609 467 1694 propriis
489 1610 616 1674 dotibus
638 1610 930 1694 supplementisque
952 1609 1082 1675 utilibus
1104 1612 1192 1694 prius

62 1719 129 1784 illud
156 1743 285 1804 prorsus
314 1742 421 1785 carere
450 1719 643 1784 Ruhnkenio
671 1719 821 1804 credidit,
855 1719 947 1786 Fcrd.
977 1719 1123 1786 Ranlrius
1154 1721 1193 1786 dc

62 1828 210 1915 llesycbio
232 1853 264 1915 p.
282 1833 333 1896 37.
373 1831 542 1894 Praeclara
566 1830 650 1894 enim
673 1830 908 1914 additamenta,
932 1830 977 1894 eis
1000 1831 1098 1896 etiam
1120 1852 1191 1916 gra-

62 1940 137 2006 viora
163 1962 245 2026 quae
273 1942 336 2022 §8
365 1941 642 2024 significabamus,
671 1941 838 2024 quominus
866 1945 1030 2024 protracta
1059 1963 1097 2005 ex
1126 1942 1191 2006 Gu-

60 2046 145 2115 diano
166 2052 245 2117 satis
268 2052 415 2116 omnibus
437 2051 643 2134 inpromptu
667 2055 788 2132 essent,
813 2051 1015 2134 impedivisse
1037 2051 1115 2115 illud
1137 2073 1191 2134 po·

59 2161 204 2226 tissimum
227 2161 368 2244 videtur,
398 2161 481 2246 quod
508 2161 646 2226 indicem
669 2161 858 2245 scriptorum
885 2161 1077 2246 subiungere
1103 2161 1191 2226 Stur-

60 2271 118 2334 zins
139 2271 326 2356 supersedit.

133 2382 375 2466 Aliquantisper
401 2381 599 2465 exspatiatus
628 2403 698 2445 sum
727 2382 761 2446 in
790 2403 857 2445 rem
885 2403 951 2446 nou
981 2382 1060 2446 adeo
1081 2403 1189 2446 neces·

58 2491 133 2556 sario
153 2493 281 2557 vinculo
303 2515 375 2557 cum
396 2492 561 2577 proposita
583 2491 769 2578 quaestione
798 2491 1018 2576 coniunctam,
1048 2513 1114 2556 non
1142 2492 1189 2557 in-

58 2602 260 2686 temperantia
287 2603 424 2688 quadam
455 2603 607 2686 abreptus
638 2601 890 2684 commentandi,
924 2601 979 2666 sed
1013 2601 1095 2686 quod
1123 2625 1189 2666 non

58 2711 235 2778 mediocrem
257 2712 487 2797 intellegebam
509 2735 547 2776 ex
565 2718 732 2796 perspecta
748 2711 1042 2797 Etymologieorum
1064 2713 1190 2777 ratione

58 2821 149 2887 lucem
169 2824 204 2888 in
225 2823 405 2908 proximam
427 2823 677 2907 disputationem
699 2845 766 2887 esse
785 2820 1045 2905 redundaturum,
1069 2823 1104 2886 in
1126 2843 1189 2906 qua

59 2933 208 3018 ubiusque
230 2933 326 2998 lexici
352 2933 473 2998 mentio
501 2933 767 3016 frequentabitur.
812 2933 924 3016 Itaque
948 2953 1019 2996 curn
1046 2932 1081 2996 iu
1103 2937 1188 2996 utro·

59 3063 111 3124 que
141 3043 242 3108 redire
276 3043 447 3108 dixerimus
486 3065 581 3106 unum
618 3065 774 3126 ‹piamquc
811 3042 939 3108 Orionis
975 3044 1185 3126 notationem,

58 3155 155 3218 temen
184 3153 359 3238 prudenter
386 3153 526 3217 tenenda
554 3153 616 3216 duo
641 3155 730 3216 sunt:
763 3153 917 3236 primum,
951 3174 1017 3217 uon
1049 3174 1123 3216 raro
1153 3153 1187 3218 in

58 3259 166 3347 blegne
187 3264 389 3347 potissimum
410 3262 633 3347 Etymologico
656 3261 875 3326 additamenta
897 3262 1037 3328 Orioniis
1060 3285 1187 3327 annexa

58 3392 118 3436 esse
142 3373 270 3438 aliunde
300 3377 396 3457 atque
425 3395 464 3436 cx
493 3371 612 3436 Orione
638 3372 751 3456 ducta,
785 3375 821 3436 ut
847 3395 877 3437 v.
906 3373 1019 3456 ξηρόν,
1054 3373 1185 3456 ξόανον,

58 3481 170 3566 ξύνιον,
200 3486 367 3566 ψάμαθοι,
399 3483 520 3564 ψεδνόε
553 3486 586 3546 et
619 3483 738 3566 pqut,
773 3484 883 3565 erret,
919 3484 1055 3562 pereae<
1091 3492 1186 3566 (quae

58 3611 115 3654 une
144 3594 265 3656 notatio
299 3593 539 3678 conglutinatas
568 3592 790 3677 complectitur
822 3592 901 3656 duas
932 3592 1061 3656 Orionis
1093 3613 1186 3657 voees

57 3701 160 3778 qrdbet
180 3725 211 3788 p.
235 3703 307 3787 165,
330 3703 371 3766 31
395 3707 427 3766 et
449 3705 526 3783 ψιάε
548 3725 579 3786 p.
606 3703 676 3784 168,
699 3703 766 3788 20),
790 3705 869 3785 ψύη,
892 3703 1006 3782 ψωμὸε
1029 3703 1097 3786 (ubi
1119 3725 1185 3767 rur-

58 3831 121 3874 sum
134 3811 256 3878 iunctas
271 3813 371 3878 habes
386 3813 515 3878 Orionis
530 3813 569 3876 de
581 3813 690 3893 ψωμοί
705 3818 737 3876 et
754 3814 851 3893 ψώρα
865 3813 1048 3877 notationes
1063 3836 1093 3897 p.
1114 3815 1185 3897 167,

60 3920 103 3983 l‘l.
124 3921 187 4006 23).
231 3922 280 3988 Of.
305 3928 326 4006 ᾖ
350 3925 400 3988 ll.
445 3923 593 3988 Alterum
615 3927 679 4005 est,
709 3922 792 4006 qnod
820 3923 855 3988 in
877 3926 1011 4006 utroque
1032 3944 1185 4006 persaepe

57 4030 164 4094 omissa
186 4036 328 4098 vetemm
350 4035 632 4118 grammaticorum
659 4034 843 4098 testimonia
865 4032 1022 4114 videmus,
1052 4053 1184 4115 quornm

56 4138 168 4224 insigni
189 4143 280 4226 copia
302 4143 408 4208 affluit
429 4143 557 4208 Orionis
580 4144 725 4207 lexicum.
771 4143 967 4226 Quamquam
996 4140 1104 4224 elapso
1131 4142 1184 4206 hic

57 4247 116 4313 illic
136 4253 315 4318 testimonio
336 4254 387 4318 vel
410 4254 486 4318 olim
508 4253 706 4338 supplebitur
728 4253 777 4318 vel
805 4275 890 4318 nunc
916 4252 1097 4336 suppletum
1119 4252 1184 4316 iam
1279 4337 1284 4348 Ι

58 4363 102 4422 est
115 4359 263 4450 Magnum
277 4363 551 4452 Etymologicum‚
575 4373 611 4427 ut
626 4365 797 4432 cradavus
819 4363 948 4429 nomine
971 4364 1183 4448 compluriens
