2976 5140
279 318 341 381 646
668 335 712 378 nn
737 332 806 378 ono
829 334 874 379 mr
897 332 1038 379 oureus.

278 489 317 550 de
333 487 457 566 Ἀδρίας
481 487 579 569 (quod
597 509 714 549 numen
738 487 770 550 in
788 488 844 550 Ori
860 486 1008 549 Ethnieis
1030 487 1129 549 fuisse
1151 508 1247 569 supra
1268 487 1387 554 vidimus

279 603 454 662 narrantur
476 619 542 660 non
563 597 689 660 diversa
712 598 753 658 ab
776 597 932 680 Stephani
955 597 1108 660 memoria
1131 619 1162 680 p.
1189 598 1228 660 19
1249 599 1326 680 sqf)

363 711 394 773 3.
441 707 572 770 Praeter
596 729 632 770 ea
655 729 737 790 quae
760 709 926 772 attulimus
949 708 1006 771 Ori
1029 708 1213 771 testimonio
1240 707 1390 792 Stephanus

279 821 379 884 utitur
409 843 442 902 p.
465 818 523 899 22,
554 818 612 881 24:
650 820 819 897 Ἀθῆναι,
856 820 967 884 πόλεις
995 819 1074 884 κατὰ
1101 821 1159 898 μὲν
1187 819 1286 900 Ὦρον
1310 821 1390 891 πέντε,

280 933 359 996 κατὰ
382 932 418 994 δὲ
440 931 574 993 Φίλωνα
596 929 637 994 ἕξ.
667 929 767 1011 Atqui
791 929 999 1012 progrediens
1022 930 1266 993 commentando
1287 929 1391 1012 Stepha-

281 1065 341 1105 nus
364 1063 422 1104 nee
439 1040 579 1123 quinque
604 1040 804 1123 persequitur
826 1062 886 1102 nee
909 1062 963 1102 sex
987 1039 1098 1122 arbee,
1122 1040 1177 1104 sed
1200 1043 1271 1104 ocra
1291 1041 1391 1124 (quibus

281 1177 318 1216 ex
353 1153 493 1215 Arriano
528 1173 647 1213 nunam
675 1149 836 1232 quandam
872 1150 987 1213 addere
1021 1149 1059 1213 de
1087 1173 1144 1214 suo
1173 1151 1316 1234 videtur).
1358 1151 1391 1214 Er

279 1287 341 1347 qua
364 1285 429 1326 non
453 1262 521 1324 sine
545 1262 669 1324 ratione
693 1261 843 1344 culligm,
873 1283 938 1324 non
966 1261 1064 1324 fuisse
1087 1261 1144 1326 Ori
1166 1262 1304 1345 ‹prinqne
1323 1261 1392 1324 urbes

229 1385 261 1430 58
280 1396 334 1436 sex
363 1373 491 1435 illarum
522 1371 741 1434 Phileniarum
769 1393 901 1434 numero
929 1393 1040 1434 omnes
1069 1371 1325 1456 comprehensas,
1354 1371 1391 1433 sed

279 1484 359 1547 alias
383 1483 424 1546 ab
446 1485 579 1565 utruque
602 1482 854 1565 praetermissae,
879 1481 959 1545 alias
975 1481 1109 1544 additas,
1141 1481 1191 1545 Ex
1214 1505 1275 1566 quo
1295 1504 1393 1546 rursum

279 1595 338 1657 hee
363 1594 582 1677 ernrsequitur,
612 1615 721 1656 earum
750 1614 831 1676 quae
860 1592 1011 1675 deinceps
1040 1597 1268 1656 enumerantur
1295 1595 1392 1656 urbium

281 1728 376 1768 unam
407 1709 439 1766 et
467 1704 544 1767 item
572 1705 706 1766 alteram
736 1704 777 1766 ab
805 1703 870 1766 Ore
901 1707 1062 1786 sumptam
1096 1725 1175 1766 esse.
1226 1703 1312 1778 Quod
1342 1726 1393 1766 run

279 1815 460 1879 accuratius
483 1813 607 1876 definiri
632 1813 722 1876 nullo
743 1817 837 1896 paeto
860 1816 972 1896 queat,
1003 1817 1111 1876 tamen
1140 1817 1272 1897 propter
1291 1815 1393 1878 retiari-

282 1927 444 1989 uatieuem
467 1924 627 2007 <piandum
653 1946 757 1986 meam
780 1923 820 1986 ad
844 1924 943 1986 Orum
967 1924 1071 1987 refero
1093 1923 1187 1987 haee:
1221 1927 1352 2005 Δίδυμος
1368 1925 1393 1989 u·

279 2059 391 2119 φηςιν,
429 2037 477 2100 ὅτι
511 2035 714 2113 ’Ἀθηναίας
749 2037 896 2110 λέγουςιν
932 2035 1002 2099 ἀντὶ
1036 2039 1095 2099 τοῦ
1124 2037 1301 2101 Ἀττικάς
1330 2037 1394 2100 dei

280 2149 439 2227 Φρύνιχος
462 2146 630 2210 ἀνάττικόν
654 2165 748 2225 φηςιν
772 2145 853 2210 εἶναι
875 2146 934 2224 τὴν
956 2148 1087 2225 φωνὴν,
1109 2147 1159 2210 καί
1181 2148 1325 2224 θαυμάζει
1343 2150 1395 2208 πθ(

279 2260 298 2322 ὁ
322 2258 521 2336 Φερεκράτης
544 2256 756 2320 ἀττικώτατος
784 2256 831 2320 ὢν
855 2260 973 2335 χρῆται.
1018 2256 1113 2320 ἀςτάς
1135 2258 1395 2333 reseraverat

279 2371 395 2445 ἔλεγον
420 2369 458 2432 οὐ
482 2368 533 2431 διὰ
556 2368 655 2444 τὸμὴ
686 2367 838 2431 δύναςθαι
865 2368 970 2441 λέγειν
997 2365 1178 2445 Ἀθηναίας,
1212 2369 1285 2431 ἀλλ’
1310 2369 1395 2442 ἐπειδὴ

282 2480 430 2544 καὶτοὺς
453 2479 571 2557 ἄνδρας
594 2477 709 2541 άςτοὺς
731 2477 882 2542 tertioue:
913 2498 1048 2560 quarum
1070 2479 1194 2560 partem
1218 2477 1312 2540 habes
1331 2474 1395 2559 apud

207 2601 211 2610 ’
280 2590 412 2653 suidam
440 2611 469 2650 ν.
504 2587 678 2666 Ἀθηναίας.
729 2585 813 2648 Nam
848 2590 881 2649 et
915 2586 1044 2669 Didymi
1077 2588 1300 2651 aucurritatem
1327 2586 1394 2669 sequi

280 2700 359 2762 alias
384 2701 464 2761 solet
487 2703 519 2761 et
542 2702 653 2760 emrtru
677 2696 895 2779 Phryniehurn
924 2697 1081 2780 singulari
1110 2699 1332 2762 commentaria
1349 2696 1394 2758 dis·

280 2811 415 2894 putavit.
461 2811 568 2892 Atque
596 2809 657 2871 hoa
686 2808 756 2870 vide
784 2830 879 2890 quam
908 2808 1037 2890 egregie
1067 2807 1256 2871 concilietur
1285 2831 1345 2873 eurn
1369 2827 1395 2866 ea

279 2945 374 3004 ‹puarn
409 2921 490 2999 §21
527 2919 676 3002 preposui
713 2917 913 2998 eunieetura,
949 2940 1021 2981 eum
1054 2917 1095 2981 ab
1124 2917 1188 2980 Oro
1224 2918 1393 3001 aliquantum

281 3032 453 3115 prefecisse
470 3028 726 3092 Antiattieistam
751 3027 889 3091 Beklreri
912 3029 1091 3111 suspicatus
1113 3051 1193 3091 sum.
1227 3027 1317 3112 Apud
1330 3026 1394 3088 hune

281 3145 367 3205 enim
390 3143 495 3225 posita
518 3165 549 3223 p.
575 3142 625 3222 77,
649 3141 670 3203 5
699 3141 880 3217 Ἀθηναίανῑ
918 3139 977 3203 οὐκ
999 3141 1138 3217 Ἀττικήν
1162 3139 1395 3223 praedamnen-

195 3249 199 3255 ’
281 3253 415 3316 veniunt
437 3253 472 3314 in
490 3251 616 3334 liidyrui
640 3250 844 3330 sentent-iam,
869 3272 950 3331 (prae
973 3253 1080 3312 autem
1103 3251 1299 3332 praecedunt
1317 3243 1395 3318 Ἀςτή.

280 3365 398 3441 πᾶςαὴ
415 3363 447 3426 ἐξ
469 3366 657 3440 ὴςτινοςοθν
681 3361 821 3436 πόλεως,
844 3361 884 3424 οὐ
907 3361 1008 3439 μόνον
1031 3361 1063 3426 ἐξ
1083 3362 1237 3439 Ἀθηνῶν,
1261 3353 1395 3424 commrdr

282 3475 391 3537 iuncta
416 3496 483 3535 esse
507 3472 561 3534 (iri
586 3470 691 3534 verius
714 3474 888 3553 potuerunt
910 3472 1005 3536 ἀςτὰς
1028 3473 1063 3535 δὲ
1078 3509 1118 3517 -
1134 3471 1250 3535 ἀετοὺς
1272 3471 1394 3534 ἐκάλουν.

280 3611 299 3647 υ
322 3585 485 3668 Stephana
508 3583 625 3646 aruisse
648 3582 810 3664 nimirum,
841 3582 923 3666 quod
946 3581 1026 3645 nihil
1050 3581 1090 3644 ad
1114 3579 1260 3643 Athenas
1282 3577 1394 3664 pertine·

364 3808 388 3858 *i
409 3806 485 3872 [qu
507 3803 673 3870 ignorabam
696 3802 723 3853 iu
746 3803 789 3854 Et.
809 3802 845 3854 M.
866 3822 891 3870 p.
914 3808 974 3864 184,
993 3807 1025 3856 36
1048 3802 1082 3854 de
1106 3803 1232 3866 Ἀγκυρα
1256 3798 1319 3851 urbe
1339 3792 1394 3846 tradi

280 3918 392 3969 prensus
412 3918 472 3950 rum
492 3898 633 3965 Stephana
653 3897 842 3962 congruent-ia.
879 3897 934 3948 Sed
952 3895 1005 3948 ista
1029 3895 1140 3962 quidem
1159 3894 1297 3946 notatione
1317 3894 1394 3957 aperte

281 3994 478 4062 interpolatum
497 3995 539 4045 est
552 3991 786 4058 iitpmuiugieuru:
807 3990 835 4041 id
854 3990 927 4056 quod
946 4007 1006 4041 eum
1019 3988 1162 4057 neglectus
1179 3988 1327 4040 litterarum
1342 3977 1394 4031 unia

280 4087 373 4150 arguit
391 4090 450 4138 turn
470 4104 518 4136 suu
537 4086 597 4136 leun
617 4085 756 4152 superiore
776 4085 870 4152 pusita
892 4082 926 4134 de
947 4084 1068 4149 Ἀγκυρα
1090 4082 1206 4135 notatio.
1241 4073 1393 4132 Adreutirin·

281 4184 374 4233 autern
393 4181 450 4232 eius
469 4179 544 4232 nundi
563 4175 721 4230 nutationes
741 4180 797 4230 fere
815 4177 842 4228 iu
862 4181 1014 4229 (extrema
1032 4193 1140 4242 quaque
1158 4175 1250 4228 littera
1267 4171 1350 4223 sedem
1366 4166 1393 4215 iu·

283 4274 388 4326 venisse
408 4292 497 4332 suani.
521 4272 602 4326 vertis
627 4271 759 4339 exemplis
784 4288 817 4323 ea
834 4273 986 4334 testantur,
1008 4269 1043 4322 de
1065 4269 1165 4336 quibus
1188 4268 1285 4320 dietum
1302 4261 1386 4317 Prole

282 4367 309 4420 in
327 4367 462 4420 'l'irurnunr
481 4367 516 4418 M.
536 4386 562 4436 p.
583 4365 703 4418 XXXIX.
741 4369 798 4430 (Ex
816 4370 951 4418 Addendr's
969 4385 994 4432 p.
1014 4364 1077 4431 80.)]
