2976 5140
305 317 368 378 642
688 335 735 380 na
760 333 828 380 ono
852 335 896 381 nr
920 333 1061 382 oaronn.

306 487 523 570 Ἀκαδήμιον),
558 487 697 570 itemque
720 511 750 569 p.
778 489 832 570 19,
856 489 876 550 3
900 489 971 551 coll.
996 489 1063 551 eod.
1088 487 1185 550 Dorv.
1210 510 1242 570 p.
1266 486 1351 565 XIII,
1376 488 1413 548 uli

305 597 454 675 Ἀδρίας
488 597 553 662 ἀπὸ
581 599 706 676 Ἀδρίου
733 602 791 662 τοῦ
821 599 1005 663 Μεςςαπίου
1038 603 1097 662 τοῦ
1127 599 1305 664 Παύςιυνος
1331 599 1416 680 (vulgo

306 706 496 771 Μεςαππίου
519 709 722 792 Παύςωνος).
769 707 838 782 Qua
861 708 895 771 in
918 731 1010 790 voce,
1046 713 1081 771 nt
1109 710 1169 771 hoo
1198 709 1232 772 in
1260 712 1414 772 transenna

304 838 467 898 moneam,
499 817 564 880 sive
593 840 716 881 mecum
745 841 800 881 seu
829 841 901 882 eum
923 818 966 880 W
969 819 1139 903 esselingio
1161 818 1196 882 in
1221 818 1343 882 Diodori
1363 818 1415 884 λλ.

307 927 360 1008 13,
399 950 493 1009 quem
527 928 561 991 in
594 928 714 992 Adnot.
753 934 1033 992 commemoratum
1072 951 1158 992 nune
1193 951 1341 1012 usurpare
1370 951 1415 991 nou

303 1037 433 1121 lloet'l),
467 1038 611 1122 elapsum
634 1038 833 1122 Olympiadis
861 1061 1028 1103 numerum
1057 1040 1126 1102 sine
1153 1039 1219 1102 ulla
1248 1039 1415 1102 dubitatione

304 1148 349 1209 sio
379 1148 540 1212 instaura:
577 1151 613 1215 ἐν
641 1157 679 1234 τῇ
703 1149 754 1229 Qn'
777 1150 956 1228 ὀλυμπιάδι.
983 1189 1025 1198 -
1053 1151 1159 1234 Atque
1189 1149 1268 1212 haee
1296 1151 1414 1233 conpari

304 1280 340 1320 eo
370 1260 517 1342 consiliu,
553 1263 589 1323 ut
618 1264 649 1322 et
672 1281 891 1323 enumerarem
920 1260 980 1324 hac
1003 1259 1262 1344 opportunitate,
1296 1282 1368 1342 quae
1395 1261 1413 1320 iu

304 1368 451 1432 Ethniois
474 1392 533 1432 noo
551 1370 621 1433 aliia
639 1371 694 1432 ari
718 1371 845 1454 seriptis
869 1369 1028 1434 exstitisse
1051 1370 1279 1450 existimarem,
1303 1375 1334 1432 et
1353 1391 1413 1432 reni.

302 1482 424 1562 quanta
457 1503 562 1543 rerum
597 1481 844 1544 recondilionrm
876 1481 1024 1560 doctrina
1060 1480 1100 1542 ad
1128 1462 1200 1542 illas
1236 1479 1413 1543 declaranda

302 1590 443 1674 origines
473 1591 685 1674 grammatico
719 1613 798 1673 opus
833 1596 931 1673 esset,
966 1591 1193 1674 significarem.
1245 1591 1412 1673 Quamquam

302 1700 362 1762 hoo
384 1701 451 1764 fere
476 1723 539 1763 non
562 1702 667 1763 minus
690 1701 723 1764 in
748 1724 785 1763 ea
808 1702 938 1764 nonrina
962 1701 1057 1782 eadit,
1081 1723 1162 1784 quae
1187 1723 1252 1764 non
1274 1699 1413 1784 apropriis

303 1810 358 1872 sed
386 1811 589 1894 appellativis
617 1812 787 1875 ducantur.
839 1812 978 1886 Quorum
1007 1811 1065 1874 etei
1094 1811 1205 1894 paucis
1234 1811 1414 1894 (expediantur

302 1922 577 2001 Ἁλικαρναςός
600 1921 653 1985 Εί.
679 1923 723 1986 Μ.
747 1946 778 2005 p.
796 1923 847 2003 64,
864 1921 916 2004 26,
940 1922 1136 1998 Αἴγυπτος
1159 1945 1190 2005 p.
1215 1923 1266 2002 29,
1291 1923 1328 1983 12
1348 1927 1411 2001 (aaa

302 2031 341 2093 de
356 2033 421 2094 Oro
440 2036 581 2096 Thebana
604 2033 645 2095 os.
668 2035 687 2110 ξ
708 2033 770 2117 14),
796 2033 929 2111 Ἀρήνη
952 2029 991 2115 p.
1010 2032 1083 2112 141,
1110 2034 1138 2113 1,
1161 2035 1271 2094 tamen
1294 2053 1351 2093 non
1364 2030 1412 2090 aim

302 2141 459 2225 singulari
487 2129 675 2204 er'udItionis
701 2142 795 2205 laude
826 2141 1103 2205 commemoranda
1140 2145 1216 2204 sunt
1243 2141 1411 2220 Κομμαγήνη.

302 2251 425 2335 dequo
447 2253 592 2335 posthae,
616 2253 773 2317 Αἰολεῖς
796 2276 827 2335 p.
850 2253 901 2331 37,
925 2252 967 2316 23
991 2251 1059 2336 (υλί
1081 2250 1178 2335 vulgo
1201 2252 1337 2336 Ὠρίων),
1358 2271 1411 2331 qm·

303 2384 374 2425 enm
403 2385 468 2426 non
498 2363 609 2425 dubito
647 2384 835 2446 componere
864 2363 1090 2442 Δωριὰζειν
1119 2385 1150 2445 p.
1180 2362 1263 2441 293,
1291 2362 1330 2424 40
1355 2360 1411 2420 item

302 2495 373 2536 mea
396 2474 556 2536 sententia
573 2495 611 2536 ex
627 2474 775 2536 lltlrnieis
790 2477 968 2556 sumptum,
992 2473 1106 2535 deinde
1122 2473 1295 2553 Ἀβαρνίς
1316 2493 1342 2554 p.
1356 2469 1379 2536 2,
1389 2467 1410 2528 ί.
1471 2515 1472 2518 ¹

302 2582 340 2644 de
363 2606 425 2666 quo
447 2588 560 2647 notata
583 2585 665 2647 (lrua
690 2584 769 2666 (non
793 2585 811 2648 ὁ
830 2585 985 2666 Θηβαῖος)
1009 2587 1065 2645 aut
1087 2582 1196 2645 debuit
1219 2587 1275 2645 aut
1296 2575 1410 2664 praeluil

302 2694 492 2756 scholiastae
516 2696 549 2756 in
576 2695 783 2777 Apollonium
812 2694 874 2756 ltlr.
902 2693 932 2756 II
960 2717 990 2755 ν.
1019 2694 1097 2774 932,
1131 2693 1225 2757 ἄςτυ
1255 2716 1286 2776 p.
1310 2691 1371 2757 166.
1389 2687 1410 2746 ί.

301 2826 448 2886 perverse
472 2805 667 2886 arlserip'tum
691 2805 803 2867 (lrioni
826 2802 1090 2885 ethnieograplro,
1116 2803 1206 2882 Βίνη
1230 2826 1261 2885 p.
1289 2801 1353 2874 197,
1372 2797 1409 2858 δ’).

301 2916 508 2995 Δίνδυμον
532 2940 563 2999 p.
588 2915 661 2996 276,
679 2916 731 2993 32,
756 2915 910 2979 Εἰλενία
933 2937 964 2996 p.
988 2914 1062 2995 266,
1086 2913 1137 2994 26,
1163 2903 1305 2992 (κῦρος
1325 2907 1411 2990 (vulp

302 3026 462 3105 (κύρος)
485 3049 516 3109 p.
542 3026 614 3108 720,
639 3026 690 3106 27),
723 3024 807 3087 hand
832 3024 944 3087 leviter
967 3027 1074 3086 autem
1096 3023 1301 3105 depravatum
1322 3022 1409 3092 Ἀθρι-

302 3138 370 3215 βής
399 3159 428 3218 p.
458 3137 515 3217 26,
540 3137 591 3199 47.
638 3136 700 3197 Vbi
734 3157 815 3218 quae
849 3136 1038 3218 vulgantur,
1074 3137 1130 3196 aut
1165 3134 1291 3216 gnavius
1319 3129 1409 3191 alluta

302 3250 392 3327 aunt,
427 3269 520 3329 quam
554 3247 667 3329 quibus
701 3246 819 3307 mederi
855 3243 1056 3308 coniecturae
1090 3266 1150 3326 ope
1183 3265 1272 3326 posse
1300 3237 1408 3302 videare.

302 3355 383 3438 quod
407 3356 533 3438 (pridem
556 3379 621 3418 non
645 3360 764 3418 temere
787 3356 913 3439 loquor,
944 3357 1000 3416 aut
1029 3354 1091 3415 nisi
1119 3354 1216 3416 fallor
1237 3353 1279 3414 sic
1301 3348 1408 3412 ralla·

302 3467 426 3550 granda
449 3489 513 3529 nou
535 3467 750 3529 incommodo:
788 3468 975 3544 Ἀθριβις,
1004 3465 1095 3528 πόλις
1123 3464 1293 3539 Αἰγύπτου·
1314 3459 1408 3536 rodat·

302 3600 350 3641 ται
378 3579 413 3641 δὲ
441 3579 489 3640 καὶ
516 3578 700 3658 Ἀθλιβις·
728 3577 765 3655 ἦς
797 3578 815 3640 ὁ
843 3575 975 3654 πολίτης
1011 3573 1194 3654 Ἀθλιβίτης·
1228 3563 1407 3646 naama

301 3689 354 3750 διὰ
376 3691 434 3751 τοῦ
463 3710 489 3766 ρ.
525 3693 596 3751 τοῦ
626 3690 735 3752 Δέλτα
763 3691 833 3750 τοῦ
855 3690 910 3763 τῆς
933 3687 1178 3763 νηςουμένης
1198 3683 1345 3758 Αἰγύπτου
1364 3671 1408 3737 aa

302 3799 441 3876 κεφαλή,
475 3799 555 3861 ἐκεῖ
577 3800 620 3862 τὸ
643 3799 772 3876 καρδίας
801 3800 901 3875 ςχῆμα
929 3796 1214 3874 παρεχομένων
1234 3797 1306 3856 τῶν
1327 3787 1407 3860 Νείλῳ

302 3910 620 3987 μεθυςκομένυυν·
650 3909 725 3974 ὅθεν
755 3909 813 3972 τὸν
842 3909 944 3984 νομὸν
974 3906 1146 3984 Ἀθριβίτην
1175 3903 1407 3984 προςηγόρευςαν.

386 4183 410 4248 ³⁴³)
431 4185 550 4248 [Ἀιυυπ1
570 4182 763 4234 impriment:
787 4178 889 4232 excidit
907 4178 980 4231 onim
999 4195 1031 4230 ex
1051 4175 1206 4245 Etymolopi
1226 4172 1320 4228 vernis.
1350 4167 1404 4216 Sd*

302 4277 394 4326 tamen
415 4293 446 4326 ex
467 4295 556 4327 rorum
576 4276 648 4342 apud
669 4275 799 4326 Nostrum
820 4273 992 4325 uua-adone
1010 4272 1136 4339 adparet,
1154 4272 1190 4324 ali
1206 4269 1304 4334 lllymp.
1320 4253 1403 4314 Xl'l'lll

303 4387 356 4420 non
376 4370 492 4421 multum
512 4371 634 4422 al'niasw
674 4369 764 4420 Verba
783 4369 845 4419 aruit
867 4364 1063 4432 Weaaelmgiil
