2942 5134
426 339 428 344 ·
475 339 616 394 ruamur
640 338 788 392 aarum.
1140 319 1204 392 lea

70 505 134 564 rhus
156 503 321 584 tamquam
343 498 541 582 exploratum
557 501 652 582 atque
667 497 892 580 indubitatum,
910 515 1088 561 sermonem
1102 495 1202 580 illum,

69 611 150 674 iuter
171 609 336 674 Socratem
359 613 391 674 et
412 608 624 693 Protagoram
646 607 791 671 habitum
813 607 848 671 iu
871 606 992 673 Calliae
1015 607 1160 689 aedibus,
1185 631 1204 670 a

69 719 199 784 Platone
221 720 321 783 tribui
343 718 531 804 olympiadis
559 715 743 782 LXXXVII
771 739 857 782 anno
880 718 988 800 alteri,
1017 717 1049 780 id
1077 717 1204 802 quidem

69 851 126 912 quo
150 829 246 893 modo
269 829 518 910 demonstretur,
542 849 583 891 ne
605 827 700 890 nimis
728 827 873 890 videatur
901 827 1074 910 exspatiari
1102 827 1204 890 oratio

69 943 184 1022 nostra,
208 962 297 1003 nunc
319 939 393 1002 nolo
415 938 576 1022 explicare
598 937 735 1001 uberius.
767 935 967 1020 Quapropter
984 937 1109 1000 omissis
1124 959 1205 1021 quae

69 1049 100 1112 iu
116 1053 269 1132 promptu
288 1051 363 1112 sunt
380 1047 528 1111 omnibus
555 1047 633 1110 satis
660 1046 763 1110 habeo
785 1045 1109 1110 Schleiermacherum
1139 1045 1204 1110 lau-

70 1157 139 1221 dare
162 1157 292 1243 Proleg.
322 1157 362 1221 ad
393 1157 524 1242 Protag.
554 1179 585 1241 p.
611 1157 674 1220 218
701 1179 781 1241 sqq,
811 1156 899 1220 cuius
921 1156 1043 1241 insigni
1066 1155 1205 1220 acumini

70 1266 292 1352 doctrinaeque
314 1267 399 1332 haud
420 1267 547 1352 vulgari
569 1289 626 1332 sua
648 1267 757 1331 omnia
780 1267 874 1331 debet
890 1266 1000 1332 Aetius
1023 1267 1061 1330 de
1084 1266 1150 1330 vita
1173 1271 1206 1330 et

70 1377 189 1461 scriptis
205 1377 353 1442 Platonis
367 1401 399 1461 p.
416 1377 552 1460 'lb-82,
576 1399 768 1462 quamquam
790 1397 855 1441 non
878 1377 947 1440 sine
969 1397 1111 1441 errorum
1131 1397 1205 1460 quo-

71 1486 198 1551 rundam
227 1489 411 1552 accessione
437 1487 488 1551 rel
516 1485 731 1572 incogitantia
758 1489 997 1551 commissorum
1024 1486 1205 1550 incredibili

71 1596 115 1658 vel
136 1598 254 1662 eximia
277 1597 481 1662 historiarum
503 1597 717 1682 ignoratione.

515 1791 761 1848 CAPVTVll.
1226 1797 1256 1846 18

148 1925 364 2014 Posteaquam
391 1927 506 2014 igitur,
536 1951 598 2012 quo
625 1927 771 1993 videatur
792 1949 878 1992 anno
900 1933 995 1992 nahas
1018 1949 1086 1992 esse
1107 1928 1206 2012 Aga·

73 2036 147 2120 tho,
171 2039 327 2122 vidimus,
350 2039 472 2102 vitam
494 2061 568 2122 quo
590 2060 709 2123 usque
732 2038 964 2122 produxerit
991 2038 1206 2121 quaerendum

74 2151 125 2210 est.
168 2147 258 2223 Quae
286 2149 413 2234 quidem
441 2148 493 2212 via
519 2151 590 2213 tuto
611 2149 739 2212 institui
766 2170 832 2213 non
854 2149 988 2232 poterit,
1012 2147 1074 2211 nisi
1097 2151 1204 2228 autea,

75 2277 128 2338 quo
147 2261 293 2343 tempore
315 2259 349 2322 in
371 2258 593 2322 Macedoniam
608 2279 641 2322 se
658 2259 838 2340 contulerit,
863 2257 1074 2343 cognorimus.
1107 2256 1205 2321 Athe·

75 2387 126 2428 nas
147 2373 255 2432 autem
278 2368 420 2433 nondum
442 2369 606 2453 reliquerit
629 2372 755 2452 oportet
782 2391 819 2432 eo
840 2371 1000 2452 tempore,
1024 2389 1085 2450 quo
1108 2365 1205 2440 Thes-

75 2476 327 2560 mophoriazusas
349 2478 457 2544 docuit
479 2477 727 2562 Aristophanes:
763 2501 825 2562 qua
852 2477 978 2562 quidem
1006 2477 1116 2540 fabula
1139 2477 1205 2540 eius

75 2585 152 2650 modi
167 2588 372 2652 cavillatione
394 2588 583 2672 perstrinxit
604 2589 763 2674 tragicum
785 2591 923 2672 poetam,
946 2609 1037 2672 quae,
1060 2587 1122 2652 nisi
1138 2587 1205 2671 ipse

76 2694 220 2762 adfuisset
243 2699 334 2764 etin
355 2697 601 2763 Atheniensium
624 2698 723 2762 oculis
752 2698 866 2763 cotidie
894 2699 1032 2782 positus,
1059 2697 1146 2762 omni
1173 2697 1207 2761 ri

76 2801 293 2872 destitueretur
320 2831 387 2872 sua.
432 2807 778 2892 Thesmophoriaausae
808 2812 914 2873 autem
943 2807 1002 2872 etsi
1031 2829 1092 2892 quo
1120 2830 1206 2872 auno

76 2919 141 2978 acta
162 2918 214 3001 sit,
238 2917 371 2982 difficile
394 2923 443 2982 est
461 2918 622 3003 iudicium,
645 2923 754 2984 tamen
776 2919 810 2984 in
832 2921 925 2983 tanta
948 2918 997 2981 vel
1020 2917 1206 3002 opinionum

77 3022 120 3086 vel
140 3027 394 3102 testimoniorum
417 3029 650 3111 controversia,
675 3051 769 3113 quam
792 3029 918 3113 quidem
941 3027 1136 3092 studebimus
1159 3027 1206 3092 in-

77 3131 131 3216 ira,
152 3137 178 3200 si
199 3137 295 3202 modo
317 3139 385 3202 fieri
408 3139 518 3222 possit,
543 3141 780 3223 componere*),
801 3138 879 3202 illud
893 3161 992 3202 uuum
1007 3137 1206 3202 dubitatione

89 3273 133 3282 -ι-
139 3277 270 3286 ---——

77 3341 120 3402 pat
136 3337 168 3394 de
185 3339 340 3409 tragoediis
359 3340 466 3409 graecis
484 3341 523 3396 111
541 3359 568 3412 p.
581 3347 630 3397 982
649 3357 709 3409 sqq.
722 3370 755 3380 -
768 3339 896 3397 Ceterum
915 3357 983 3410 quas
996 3359 1014 3396 a
1025 3341 1205 3410 Rernhardyo

78 3425 139 3484 Hist.
157 3431 210 3486 litt.
229 3451 273 3502 gr.
292 3433 325 3499 ll,
344 3439 359 3488 2
376 3451 402 3503 p.
423 3441 455 3488 ab
474 3433 517 3488 ed.
536 3435 583 3488 alt.
609 3434 772 3504 scriptiones
796 3434 975 3489 scholasticas
994 3433 1128 3501 quasdam
1150 3450 1207 3488 me·

78 3527 191 3580 moratas
209 3525 291 3580 video
308 3526 336 3580 in
354 3525 510 3595 Agathouis
528 3527 611 3582 rebus
629 3530 783 3592 versantes,
801 3543 849 3581 eas
868 3543 1018 3594 numqaum
1036 3525 1111 3596 vidi]

137 3617 160 3682 ¹⁸)
179 3617 388 3686 [Tractaveram
410 3619 482 3673 hauc
505 3619 698 3686 quaestionem
718 3619 747 3672 in
769 3636 803 3673 eo
822 3619 926 3688 capite,
951 3619 1025 3686 quod
1043 3621 1206 3675 enarrandis

78 3705 262 3778 Aristophanis
289 3710 509 3766 cavillationibus
536 3711 705 3766 destinatum
732 3714 801 3776 erat,
827 3713 856 3766 et
880 3712 922 3766 ita
944 3711 1069 3779 quidem,
1096 3716 1127 3767 ut
1152 3713 1207 3783 ipsi

79 3798 171 3854 alteri
188 3820 262 3858 anno
281 3803 445 3874 olympiadis
463 3803 535 3858 XCII
553 3805 677 3859 fabulam
693 3805 844 3858 tribuerem
863 3804 967 3859 eisdem
985 3806 1043 3860 fere
1061 3821 1207 3874 argumen-

79 3889 110 3942 tis
126 3897 222 3962 motus,
241 3913 312 3964 quae
330 3897 423 3966 paullo
435 3899 501 3966 post
518 3897 553 3951 ab
566 3897 719 3952 Hauovio
738 3897 876 3966 explicata
894 3901 959 3952 eunt
970 3898 1206 3952 Exercitationum

80 3983 131 4038 crit.
149 3985 176 4040 in
194 3989 313 4044 comicos
331 4007 447 4060 graecos
466 3991 517 4058 (ed.
538 3990 599 4044 Hal.
623 3994 696 4058 1830)
714 4008 740 4060 p.
761 3997 793 4044 82
813 4008 872 4058 sqq.
909 3989 985 4055 Quae
1007 3993 1102 4046 tamen
1125 4009 1206 4060 argu-

80 4081 165 4133 menta
182 4099 238 4135 uon
256 4099 318 4136 eam
334 4081 390 4136 rim
407 4081 577 4150 habuerunt,
601 4081 666 4151 quin
690 4081 727 4137 ad
744 4100 847 4138 annum
864 4083 950 4153 prim
957 4101 1007 4136 um
1029 4081 1102 4137 illius
1120 4084 1206 4152 olym·

80 4165 169 4234 ahda,
186 4173 243 4228 iam
261 4191 278 4228 a
295 4175 433 4230 Palmerio
451 4176 688 4241 commendatum,
711 4175 758 4230 alii
775 4177 906 4240 redirent,
924 4179 955 4230 ut
973 4175 1001 4230 C.
1021 4173 1051 4230 Ο.
1071 4175 1206 4232 Muelle-

81 4273 128 4314 rus
149 4263 219 4319 llist.
242 4266 295 4320 litt.
315 4285 356 4336 gr.
376 4267 400 4320 ll
423 4285 449 4337 p.
470 4273 531 4334 246,
553 4269 666 4337 praeter
689 4272 797 4324 ceteros
820 4273 914 4324 autern
935 4267 1088 4338 Engerus
1111 4273 1206 4324 noster

82 4350 302 4412 aasumensi
320 4359 357 4412 lv
378 4379 406 4428 p.
424 4368 458 4414 49
475 4377 534 4428 sqq.
560 4363 658 4416 contra
679 4361 904 4416 Fritzschium
922 4361 1097 4432 potissimum
1114 4343 1205 4434 dispu-
