<?xml version="1.0" encoding="UTF-8"?>
<!DOCTYPE html PUBLIC "-//W3C//DTD XHTML 1.0 Transitional//EN"
    "http://www.w3.org/TR/xhtml1/DTD/xhtml1-transitional.dtd">
<html xmlns="http://www.w3.org/1999/xhtml" xml:lang="en" lang="en">
 <head>
  <title>
</title>
<meta http-equiv="Content-Type" content="text/html;charset=utf-8" />
  <meta name='ocr-system' content='tesseract 3.04.00' />
  <meta name='ocr-capabilities' content='ocr_page ocr_carea ocr_par ocr_line ocrx_word'/>
</head>
<body>
  <div class='ocr_page' id='page_1' title='image "./fridericiritsch04ritsgoog_0396.png"; bbox 0 0 2942 5134; ppageno 0'>
   <div class='ocr_carea' id='block_1_1' title="bbox 288 325 1196 394">
    <p class='ocr_par' dir='ltr' id='par_1_1' title="bbox 288 325 1196 394">
     <span class='ocr_line' id='line_1_1' title="bbox 288 325 1196 394; baseline 0.009 -8"><span class='ocrx_word' id='word_1_1' title='bbox 288 339 325 386; x_wconf 85' lang='lat' dir='ltr'>m</span> <span class='ocrx_word' id='word_1_2' title='bbox 347 339 482 389; x_wconf 77' lang='lat' dir='ltr'>sarran</span> <span class='ocrx_word' id='word_1_3' title='bbox 504 340 588 390; x_wconf 78' lang='lat' dir='ltr'>nov.</span> <span class='ocrx_word' id='word_1_4' title='bbox 611 341 747 391; x_wconf 77' lang='lat' dir='ltr'>rnnaas</span> <span class='ocrx_word' id='word_1_5' title='bbox 769 325 960 392; x_wconf 79' lang='lat'>254-261.</span> <span class='ocrx_word' id='word_1_6' title='bbox 1134 326 1196 394; x_wconf 81' lang='grc'>371</span> 
     </span>
    </p>
   </div>
   <div class='ocr_carea' id='block_1_2' title="bbox 53 491 1198 4315">
    <p class='ocr_par' dir='ltr' id='par_1_2' title="bbox 54 491 1198 698">
     <span class='ocr_line' id='line_1_2' title="bbox 55 491 1198 580; baseline 0.004 -24"><span class='ocrx_word' id='word_1_7' title='bbox 55 493 158 557; x_wconf 75' lang='lat' dir='ltr'>terior</span> <span class='ocrx_word' id='word_1_8' title='bbox 174 491 398 576; x_wconf 88' lang='lat' dir='ltr'>corrigendum</span> <span class='ocrx_word' id='word_1_9' title='bbox 414 515 492 558; x_wconf 87' lang='lat' dir='ltr'>esse.</span> <span class='ocrx_word' id='word_1_10' title='bbox 530 493 558 558; x_wconf 84' lang='grc' dir='ltr'>Ε</span> <span class='ocrx_word' id='word_1_11' title='bbox 581 517 643 578; x_wconf 93' lang='lat' dir='ltr'>quo</span> <span class='ocrx_word' id='word_1_12' title='bbox 664 495 754 560; x_wconf 88' lang='lat' dir='ltr'>fonte</span> <span class='ocrx_word' id='word_1_13' title='bbox 776 497 1022 561; x_wconf 76' lang='lat' dir='ltr'><strong>constructionis</strong></span> <span class='ocrx_word' id='word_1_14' title='bbox 1037 497 1198 580; x_wconf 83' lang='lat' dir='ltr'>perversio</span> 
     </span>
     <span class='ocr_line' id='line_1_3' title="bbox 54 602 469 698; baseline 0.01 -35"><span class='ocrx_word' id='word_1_15' title='bbox 54 602 248 685; x_wconf 79' lang='lat' dir='ltr'>gravissima</span> <span class='ocrx_word' id='word_1_16' title='bbox 269 605 423 698; x_wconf 68' lang='lat' dir='ltr'>manavit.</span> <span class='ocrx_word' id='word_1_17' title='bbox 467 631 469 639; x_wconf 41' lang='grc' dir='ltr'>ι</span> 
     </span>
    </p>

    <p class='ocr_par' dir='ltr' id='par_1_3' title="bbox 53 712 1198 4315">
     <span class='ocr_line' id='line_1_4' title="bbox 140 712 1197 802; baseline 0.008 -28"><span class='ocrx_word' id='word_1_18' title='bbox 140 712 194 775; x_wconf 82' lang='grc' dir='ltr'>Διί</span> <span class='ocrx_word' id='word_1_19' title='bbox 215 713 360 796; x_wconf 87' lang='lat' dir='ltr'>proxima</span> <span class='ocrx_word' id='word_1_20' title='bbox 381 715 544 798; x_wconf 80' lang='lat' dir='ltr'>pergimus</span> <span class='ocrx_word' id='word_1_21' title='bbox 566 717 617 797; x_wconf 89' lang='lat' dir='ltr'>ut,</span> <span class='ocrx_word' id='word_1_22' title='bbox 646 716 721 800; x_wconf 88' lang='lat' dir='ltr'>quid</span> <span class='ocrx_word' id='word_1_23' title='bbox 743 715 874 781; x_wconf 88' lang='lat' dir='ltr'>tandem</span> <span class='ocrx_word' id='word_1_24' title='bbox 896 717 939 780; x_wconf 91' lang='lat' dir='ltr'>sit</span> <span class='ocrx_word' id='word_1_25' title='bbox 964 715 1047 802; x_wconf 88' lang='lat' dir='ltr'>quod</span> <span class='ocrx_word' id='word_1_26' title='bbox 1069 716 1197 782; x_wconf 88' lang='lat' dir='ltr'>effectu·</span> 
     </span>
     <span class='ocr_line' id='line_1_5' title="bbox 54 822 1196 910; baseline 0.006 -24"><span class='ocrx_word' id='word_1_27' title='bbox 54 843 125 886; x_wconf 90' lang='lat' dir='ltr'>rum</span> <span class='ocrx_word' id='word_1_28' title='bbox 140 844 175 886; x_wconf 89' lang='lat' dir='ltr'>se</span> <span class='ocrx_word' id='word_1_29' title='bbox 191 822 339 888; x_wconf 80' lang='lat' dir='ltr'>Eteocles</span> <span class='ocrx_word' id='word_1_30' title='bbox 354 824 559 908; x_wconf 90' lang='lat' dir='ltr'>polliceatur,</span> <span class='ocrx_word' id='word_1_31' title='bbox 581 826 724 908; x_wconf 91' lang='lat' dir='ltr'>patefiat.</span> <span class='ocrx_word' id='word_1_32' title='bbox 760 824 919 890; x_wconf 81' lang='lat' dir='ltr'><strong>Nimirum</strong></span> <span class='ocrx_word' id='word_1_33' title='bbox 939 827 1077 910; x_wconf 89' lang='lat' dir='ltr'>primum</span> <span class='ocrx_word' id='word_1_34' title='bbox 1091 830 1196 908; x_wconf 85' lang='grc' dir='ltr'>θήεειν</span> 
     </span>
     <span class='ocr_line' id='line_1_6' title="bbox 53 933 1198 1020; baseline 0.006 -25"><span class='ocrx_word' id='word_1_35' title='bbox 53 933 210 1014; x_wconf 86' lang='grc' dir='ltr'>τρόπαια,</span> <span class='ocrx_word' id='word_1_36' title='bbox 249 937 415 1016; x_wconf 87' lang='lat' dir='ltr'>praeterea</span> <span class='ocrx_word' id='word_1_37' title='bbox 447 937 555 998; x_wconf 87' lang='lat' dir='ltr'>autem</span> <span class='ocrx_word' id='word_1_38' title='bbox 588 935 690 1017; x_wconf 86' lang='lat' dir='ltr'>spolia</span> <span class='ocrx_word' id='word_1_39' title='bbox 720 935 827 1018; x_wconf 92' lang='lat' dir='ltr'>opima</span> <span class='ocrx_word' id='word_1_40' title='bbox 863 937 991 1020; x_wconf 88' lang='lat' dir='ltr'>templis</span> <span class='ocrx_word' id='word_1_41' title='bbox 1028 937 1198 1002; x_wconf 75' lang='lat' dir='ltr'>affixarum</span> 
     </span>
     <span class='ocr_line' id='line_1_7' title="bbox 53 1041 1197 1128; baseline 0.007 -24"><span class='ocrx_word' id='word_1_42' title='bbox 53 1041 195 1106; x_wconf 85' lang='lat' dir='ltr'>hostium</span> <span class='ocrx_word' id='word_1_43' title='bbox 222 1044 423 1108; x_wconf 86' lang='lat' dir='ltr'>vestimenta.</span> <span class='ocrx_word' id='word_1_44' title='bbox 473 1043 518 1109; x_wconf 82' lang='lat' dir='ltr'>Et</span> <span class='ocrx_word' id='word_1_45' title='bbox 549 1043 588 1108; x_wconf 89' lang='lat' dir='ltr'>de</span> <span class='ocrx_word' id='word_1_46' title='bbox 621 1046 761 1128; x_wconf 89' lang='lat' dir='ltr'>tropaeis</span> <span class='ocrx_word' id='word_1_47' title='bbox 794 1045 954 1110; x_wconf 76' lang='lat' dir='ltr'>intellexit</span> <span class='ocrx_word' id='word_1_48' title='bbox 986 1047 1083 1111; x_wconf 87' lang='lat' dir='ltr'>etiam</span> <span class='ocrx_word' id='word_1_49' title='bbox 1116 1070 1197 1112; x_wconf 89' lang='lat' dir='ltr'>unus</span> 
     </span>
     <span class='ocr_line' id='line_1_8' title="bbox 53 1152 1197 1236; baseline 0.009 -21"><span class='ocrx_word' id='word_1_50' title='bbox 53 1152 316 1218; x_wconf 83' lang='lat' dir='ltr'>scholiastarum:</span> <span class='ocrx_word' id='word_1_51' title='bbox 343 1156 587 1234; x_wconf 85' lang='grc' dir='ltr'>παρατηρητέον</span> <span class='ocrx_word' id='word_1_52' title='bbox 615 1155 664 1220; x_wconf 85' lang='grc' dir='ltr'>ὅτι</span> <span class='ocrx_word' id='word_1_53' title='bbox 685 1157 816 1222; x_wconf 83' lang='grc' dir='ltr'>οὐδέπω</span> <span class='ocrx_word' id='word_1_54' title='bbox 838 1156 878 1234; x_wconf 85' lang='grc' dir='ltr'>ἠν</span> <span class='ocrx_word' id='word_1_55' title='bbox 899 1157 919 1236; x_wconf 90' lang='grc' dir='ltr'>ἡ</span> <span class='ocrx_word' id='word_1_56' title='bbox 942 1161 1009 1221; x_wconf 82' lang='grc' dir='ltr'>τῶν</span> <span class='ocrx_word' id='word_1_57' title='bbox 1032 1160 1197 1236; x_wconf 82' lang='grc' dir='ltr'>τροπαίων</span> 
     </span>
     <span class='ocr_line' id='line_1_9' title="bbox 54 1264 1197 1348; baseline 0.007 -21"><span class='ocrx_word' id='word_1_58' title='bbox 54 1264 211 1342; x_wconf 81' lang='grc' dir='ltr'>ὀνομαεία</span> <span class='ocrx_word' id='word_1_59' title='bbox 242 1267 321 1328; x_wconf 86' lang='grc' dir='ltr'>κατὰ</span> <span class='ocrx_word' id='word_1_60' title='bbox 352 1266 411 1330; x_wconf 87' lang='grc' dir='ltr'>τὸν</span> <span class='ocrx_word' id='word_1_61' title='bbox 440 1266 617 1330; x_wconf 83' lang='grc' dir='ltr'>Ἐτεοκλέα·</span> <span class='ocrx_word' id='word_1_62' title='bbox 650 1266 729 1330; x_wconf 81' lang='grc' dir='ltr'>ὥετε</span> <span class='ocrx_word' id='word_1_63' title='bbox 757 1265 922 1348; x_wconf 82' lang='grc' dir='ltr'>ἀνεβίβαεε</span> <span class='ocrx_word' id='word_1_64' title='bbox 955 1270 995 1332; x_wconf 85' lang='grc' dir='ltr'>τὰ</span> <span class='ocrx_word' id='word_1_65' title='bbox 1027 1269 1107 1333; x_wconf 85' lang='grc' dir='ltr'>κατὰ</span> <span class='ocrx_word' id='word_1_66' title='bbox 1139 1271 1197 1335; x_wconf 88' lang='grc' dir='ltr'>τὸν</span> 
     </span>
     <span class='ocr_line' id='line_1_10' title="bbox 54 1371 1197 1462; baseline 0.004 -25"><span class='ocrx_word' id='word_1_67' title='bbox 54 1374 179 1452; x_wconf 89' lang='grc' dir='ltr'>χρόνον</span> <span class='ocrx_word' id='word_1_68' title='bbox 201 1373 396 1454; x_wconf 81' lang='grc' dir='ltr'>ὁΑίεχύλοτ.</span> <span class='ocrx_word' id='word_1_69' title='bbox 441 1371 501 1438; x_wconf 85' lang='lat' dir='ltr'>Sed</span> <span class='ocrx_word' id='word_1_70' title='bbox 524 1395 562 1438; x_wconf 93' lang='lat' dir='ltr'>ea</span> <span class='ocrx_word' id='word_1_71' title='bbox 583 1378 693 1439; x_wconf 86' lang='lat' dir='ltr'>tamen</span> <span class='ocrx_word' id='word_1_72' title='bbox 713 1375 938 1458; x_wconf 87' lang='lat' dir='ltr'>interpretatio</span> <span class='ocrx_word' id='word_1_73' title='bbox 954 1377 1057 1440; x_wconf 90' lang='lat' dir='ltr'>omnis</span> <span class='ocrx_word' id='word_1_74' title='bbox 1077 1378 1197 1462; x_wconf 89' lang='lat' dir='ltr'>quomi-</span> 
     </span>
     <span class='ocr_line' id='line_1_11' title="bbox 55 1481 1197 1570; baseline 0.005 -25"><span class='ocrx_word' id='word_1_75' title='bbox 55 1505 114 1545; x_wconf 91' lang='lat' dir='ltr'>nus</span> <span class='ocrx_word' id='word_1_76' title='bbox 137 1481 234 1546; x_wconf 90' lang='lat' dir='ltr'>fidem</span> <span class='ocrx_word' id='word_1_77' title='bbox 260 1483 421 1566; x_wconf 85' lang='lat' dir='ltr'>inveniat,</span> <span class='ocrx_word' id='word_1_78' title='bbox 452 1505 582 1548; x_wconf 81' lang='lat' dir='ltr'><strong>caussae</strong></span> <span class='ocrx_word' id='word_1_79' title='bbox 604 1486 735 1548; x_wconf 89' lang='lat' dir='ltr'>obstant</span> <span class='ocrx_word' id='word_1_80' title='bbox 764 1485 984 1570; x_wconf 83' lang='lat' dir='ltr'>gravissimae.</span> <span class='ocrx_word' id='word_1_81' title='bbox 1028 1486 1113 1550; x_wconf 90' lang='lat' dir='ltr'>Nam</span> <span class='ocrx_word' id='word_1_82' title='bbox 1134 1488 1197 1570; x_wconf 92' lang='lat' dir='ltr'>pri-</span> 
     </span>
     <span class='ocr_line' id='line_1_12' title="bbox 54 1592 1198 1678; baseline 0.003 -22"><span class='ocrx_word' id='word_1_83' title='bbox 54 1615 142 1656; x_wconf 91' lang='lat' dir='ltr'>mum</span> <span class='ocrx_word' id='word_1_84' title='bbox 169 1592 296 1676; x_wconf 89' lang='lat' dir='ltr'>quidem</span> <span class='ocrx_word' id='word_1_85' title='bbox 325 1614 395 1657; x_wconf 90' lang='lat' dir='ltr'>cum</span> <span class='ocrx_word' id='word_1_86' title='bbox 417 1594 516 1658; x_wconf 90' lang='lat' dir='ltr'>etiam</span> <span class='ocrx_word' id='word_1_87' title='bbox 541 1598 674 1678; x_wconf 84' lang='lat' dir='ltr'>tropaeo</span> <span class='ocrx_word' id='word_1_88' title='bbox 701 1617 768 1658; x_wconf 91' lang='lat' dir='ltr'>non</span> <span class='ocrx_word' id='word_1_89' title='bbox 796 1595 923 1660; x_wconf 80' lang='lat' dir='ltr'>aliunde</span> <span class='ocrx_word' id='word_1_90' title='bbox 952 1594 1015 1658; x_wconf 87' lang='lat' dir='ltr'>nisi</span> <span class='ocrx_word' id='word_1_91' title='bbox 1043 1617 1061 1658; x_wconf 87' lang='lat' dir='ltr'>e</span> <span class='ocrx_word' id='word_1_92' title='bbox 1087 1596 1198 1678; x_wconf 86' lang='lat' dir='ltr'>spoliis</span> 
     </span>
     <span class='ocr_line' id='line_1_13' title="bbox 54 1701 1198 1788; baseline 0.004 -23"><span class='ocrx_word' id='word_1_93' title='bbox 54 1701 224 1766; x_wconf 89' lang='lat' dir='ltr'>hostilibus</span> <span class='ocrx_word' id='word_1_94' title='bbox 246 1702 343 1787; x_wconf 87' lang='lat' dir='ltr'>fiant,</span> <span class='ocrx_word' id='word_1_95' title='bbox 369 1703 485 1767; x_wconf 90' lang='lat' dir='ltr'>mirum</span> <span class='ocrx_word' id='word_1_96' title='bbox 508 1703 691 1769; x_wconf 80' lang='lat' dir='ltr'>cothorum</span> <span class='ocrx_word' id='word_1_97' title='bbox 713 1705 925 1788; x_wconf 75' lang='lat' dir='ltr'>mentionem,</span> <span class='ocrx_word' id='word_1_98' title='bbox 955 1705 1134 1770; x_wconf 89' lang='lat' dir='ltr'>seiunctam</span> <span class='ocrx_word' id='word_1_99' title='bbox 1155 1707 1198 1770; x_wconf 90' lang='lat' dir='ltr'>ab</span> 
     </span>
     <span class='ocr_line' id='line_1_14' title="bbox 55 1794 1197 1899; baseline 0.004 -24"><span class='ocrx_word' id='word_1_100' title='bbox 55 1813 197 1895; x_wconf 90' lang='lat' dir='ltr'>ipsorum</span> <span class='ocrx_word' id='word_1_101' title='bbox 232 1794 435 1896; x_wconf 85' lang='lat' dir='ltr'>tropaeorum</span> <span class='ocrx_word' id='word_1_102' title='bbox 471 1815 698 1898; x_wconf 86' lang='lat' dir='ltr'>promissione,</span> <span class='ocrx_word' id='word_1_103' title='bbox 736 1816 771 1880; x_wconf 90' lang='lat' dir='ltr'>in</span> <span class='ocrx_word' id='word_1_104' title='bbox 803 1815 905 1879; x_wconf 87' lang='lat' dir='ltr'>altera</span> <span class='ocrx_word' id='word_1_105' title='bbox 942 1818 1069 1879; x_wconf 89' lang='lat' dir='ltr'>tantum</span> <span class='ocrx_word' id='word_1_106' title='bbox 1105 1819 1197 1899; x_wconf 82' lang='lat' dir='ltr'>parte¹</span> 
     </span>
     <span class='ocr_line' id='line_1_15' title="bbox 56 1921 1196 2010; baseline 0.005 -26"><span class='ocrx_word' id='word_1_107' title='bbox 56 1921 227 2006; x_wconf 75' lang='lat' dir='ltr'>bipertitae</span> <span class='ocrx_word' id='word_1_108' title='bbox 248 1924 481 1988; x_wconf 76' lang='lat' dir='ltr'>enuntiationis</span> <span class='ocrx_word' id='word_1_109' title='bbox 503 1925 582 2008; x_wconf 88' lang='lat' dir='ltr'>fieri,</span> <span class='ocrx_word' id='word_1_110' title='bbox 606 1925 799 2010; x_wconf 87' lang='lat' dir='ltr'>omninoque</span> <span class='ocrx_word' id='word_1_111' title='bbox 821 1926 899 1990; x_wconf 77' lang='lat' dir='ltr'>satia</span> <span class='ocrx_word' id='word_1_112' title='bbox 922 1929 1055 1990; x_wconf 85' lang='lat' dir='ltr'>ornatae</span> <span class='ocrx_word' id='word_1_113' title='bbox 1078 1925 1112 1990; x_wconf 93' lang='lat' dir='ltr'>in</span> <span class='ocrx_word' id='word_1_114' title='bbox 1134 1925 1196 1990; x_wconf 90' lang='lat' dir='ltr'>hac</span> 
     </span>
     <span class='ocr_line' id='line_1_16' title="bbox 54 2033 1197 2117; baseline 0.004 -21"><span class='ocrx_word' id='word_1_115' title='bbox 54 2036 147 2115; x_wconf 88' lang='lat' dir='ltr'>parte</span> <span class='ocrx_word' id='word_1_116' title='bbox 175 2033 314 2097; x_wconf 90' lang='lat' dir='ltr'>orationi</span> <span class='ocrx_word' id='word_1_117' title='bbox 346 2035 510 2117; x_wconf 83' lang='lat' dir='ltr'>praemitti</span> <span class='ocrx_word' id='word_1_118' title='bbox 542 2038 610 2098; x_wconf 85' lang='lat' dir='ltr'>tarn</span> <span class='ocrx_word' id='word_1_119' title='bbox 643 2035 777 2100; x_wconf 81' lang='lat' dir='ltr'>exilibus</span> <span class='ocrx_word' id='word_1_120' title='bbox 803 2036 908 2100; x_wconf 89' lang='lat' dir='ltr'>verbis</span> <span class='ocrx_word' id='word_1_121' title='bbox 941 2036 1059 2100; x_wconf 89' lang='lat' dir='ltr'>elatam</span> <span class='ocrx_word' id='word_1_122' title='bbox 1092 2037 1197 2115; x_wconf 77' lang='grc' dir='ltr'>θήεειν</span> 
     </span>
     <span class='ocr_line' id='line_1_17' title="bbox 54 2143 1197 2229; baseline 0.003 -24"><span class='ocrx_word' id='word_1_123' title='bbox 54 2145 193 2221; x_wconf 86' lang='grc' dir='ltr'>τρόπαια</span> <span class='ocrx_word' id='word_1_124' title='bbox 214 2143 388 2208; x_wconf 91' lang='lat' dir='ltr'>notionem.</span> <span class='ocrx_word' id='word_1_125' title='bbox 433 2143 508 2208; x_wconf 94' lang='lat' dir='ltr'>Non</span> <span class='ocrx_word' id='word_1_126' title='bbox 530 2145 636 2208; x_wconf 88' lang='lat' dir='ltr'>minus</span> <span class='ocrx_word' id='word_1_127' title='bbox 659 2147 766 2208; x_wconf 92' lang='lat' dir='ltr'>autem</span> <span class='ocrx_word' id='word_1_128' title='bbox 787 2149 917 2229; x_wconf 89' lang='lat' dir='ltr'>praeter</span> <span class='ocrx_word' id='word_1_129' title='bbox 938 2145 1112 2228; x_wconf 90' lang='lat' dir='ltr'>rationem,</span> <span class='ocrx_word' id='word_1_130' title='bbox 1142 2145 1197 2210; x_wconf 93' lang='lat' dir='ltr'>ubi</span> 
     </span>
     <span class='ocr_line' id='line_1_18' title="bbox 56 2254 1197 2333; baseline 0 -15"><span class='ocrx_word' id='word_1_131' title='bbox 56 2255 157 2318; x_wconf 82' lang='grc' dir='ltr'>δαίων</span> <span class='ocrx_word' id='word_1_132' title='bbox 190 2256 224 2318; x_wconf 77' lang='grc' dir='ltr'>δ’</span> <span class='ocrx_word' id='word_1_133' title='bbox 257 2254 415 2333; x_wconf 81' lang='grc' dir='ltr'>έεθήματα</span> <span class='ocrx_word' id='word_1_134' title='bbox 447 2254 552 2319; x_wconf 83' lang='lat' dir='ltr'>verbis</span> <span class='ocrx_word' id='word_1_135' title='bbox 585 2255 626 2318; x_wconf 88' lang='lat' dir='ltr'>ad</span> <span class='ocrx_word' id='word_1_136' title='bbox 659 2255 795 2318; x_wconf 92' lang='lat' dir='ltr'>alterum</span> <span class='ocrx_word' id='word_1_137' title='bbox 827 2255 1005 2320; x_wconf 88' lang='lat' dir='ltr'>membrum</span> <span class='ocrx_word' id='word_1_138' title='bbox 1037 2255 1197 2319; x_wconf 89' lang='lat' dir='ltr'>enuntiati</span> 
     </span>
     <span class='ocr_line' id='line_1_19' title="bbox 55 2364 1197 2450; baseline 0.003 -24"><span class='ocrx_word' id='word_1_139' title='bbox 55 2364 227 2447; x_wconf 70' lang='lat' dir='ltr'>mensibu,</span> <span class='ocrx_word' id='word_1_140' title='bbox 266 2386 285 2427; x_wconf 88' lang='lat' dir='ltr'>a</span> <span class='ocrx_word' id='word_1_141' title='bbox 317 2365 491 2448; x_wconf 88' lang='lat' dir='ltr'>spoliorum</span> <span class='ocrx_word' id='word_1_142' title='bbox 527 2365 561 2428; x_wconf 95' lang='lat' dir='ltr'>in</span> <span class='ocrx_word' id='word_1_143' title='bbox 597 2365 726 2448; x_wconf 91' lang='lat' dir='ltr'>templis</span> <span class='ocrx_word' id='word_1_144' title='bbox 763 2365 963 2450; x_wconf 90' lang='lat' dir='ltr'>figendorum</span> <span class='ocrx_word' id='word_1_145' title='bbox 1001 2365 1197 2450; x_wconf 83' lang='lat' dir='ltr'>cogitatione</span> 
     </span>
     <span class='ocr_line' id='line_1_20' title="bbox 56 2474 1198 2559; baseline 0.001 -21"><span class='ocrx_word' id='word_1_146' title='bbox 56 2474 200 2538; x_wconf 85' lang='lat' dir='ltr'>seiuncta</span> <span class='ocrx_word' id='word_1_147' title='bbox 216 2477 265 2538; x_wconf 88' lang='lat' dir='ltr'>cst</span> <span class='ocrx_word' id='word_1_148' title='bbox 287 2474 516 2540; x_wconf 87' lang='lat' dir='ltr'>sacrificiorum</span> <span class='ocrx_word' id='word_1_149' title='bbox 538 2475 682 2559; x_wconf 89' lang='lat' dir='ltr'>sponsio,</span> <span class='ocrx_word' id='word_1_150' title='bbox 706 2495 788 2559; x_wconf 88' lang='lat' dir='ltr'>quae</span> <span class='ocrx_word' id='word_1_151' title='bbox 809 2479 918 2538; x_wconf 89' lang='lat' dir='ltr'>tamen</span> <span class='ocrx_word' id='word_1_152' title='bbox 942 2477 1077 2558; x_wconf 89' lang='lat' dir='ltr'>apparet</span> <span class='ocrx_word' id='word_1_153' title='bbox 1097 2474 1198 2539; x_wconf 82' lang='lat' dir='ltr'>multo</span> 
     </span>
     <span class='ocr_line' id='line_1_21' title="bbox 57 2583 1198 2670; baseline 0.002 -23"><span class='ocrx_word' id='word_1_154' title='bbox 57 2585 154 2648; x_wconf 83' lang='lat' dir='ltr'>etiam</span> <span class='ocrx_word' id='word_1_155' title='bbox 177 2586 283 2668; x_wconf 88' lang='lat' dir='ltr'>aptius</span> <span class='ocrx_word' id='word_1_156' title='bbox 316 2584 392 2649; x_wconf 90' lang='lat' dir='ltr'>illuc</span> <span class='ocrx_word' id='word_1_157' title='bbox 414 2607 511 2670; x_wconf 87' lang='lat' dir='ltr'>quam</span> <span class='ocrx_word' id='word_1_158' title='bbox 537 2588 579 2648; x_wconf 84' lang='lat' dir='ltr'>ad</span> <span class='ocrx_word' id='word_1_159' title='bbox 606 2589 739 2669; x_wconf 90' lang='lat' dir='ltr'>tropaea</span> <span class='ocrx_word' id='word_1_160' title='bbox 771 2585 931 2668; x_wconf 88' lang='lat' dir='ltr'>pertinere</span> <span class='ocrx_word' id='word_1_161' title='bbox 964 2585 1023 2648; x_wconf 87' lang='lat' dir='ltr'>sub</span> <span class='ocrx_word' id='word_1_162' title='bbox 1049 2583 1102 2648; x_wconf 87' lang='lat' dir='ltr'>dio</span> <span class='ocrx_word' id='word_1_163' title='bbox 1128 2584 1198 2649; x_wconf 90' lang='lat' dir='ltr'>fieri</span> 
     </span>
     <span class='ocr_line' id='line_1_22' title="bbox 57 2671 1198 2779; baseline 0.003 -21"><span class='ocrx_word' id='word_1_164' title='bbox 57 2695 150 2758; x_wconf 85' lang='lat' dir='ltr'>solita</span> <span class='ocrx_word' id='word_1_165' title='bbox 172 2695 208 2759; x_wconf 92' lang='lat' dir='ltr'>in</span> <span class='ocrx_word' id='word_1_166' title='bbox 231 2716 345 2779; x_wconf 88' lang='lat' dir='ltr'>campo</span> <span class='ocrx_word' id='word_1_167' title='bbox 373 2697 494 2778; x_wconf 89' lang='lat' dir='ltr'>aperto.</span> <span class='ocrx_word' id='word_1_168' title='bbox 539 2694 585 2759; x_wconf 80' lang='lat' dir='ltr'>Et</span> <span class='ocrx_word' id='word_1_169' title='bbox 605 2699 642 2758; x_wconf 90' lang='lat' dir='ltr'>ut</span> <span class='ocrx_word' id='word_1_170' title='bbox 669 2694 730 2758; x_wconf 93' lang='lat' dir='ltr'>hoc</span> <span class='ocrx_word' id='word_1_171' title='bbox 755 2671 990 2760; x_wconf 82' lang='lat' dir='ltr'>incommodum</span> <span class='ocrx_word' id='word_1_172' title='bbox 1016 2697 1140 2759; x_wconf 89' lang='lat' dir='ltr'>mutata</span> <span class='ocrx_word' id='word_1_173' title='bbox 1162 2698 1198 2761; x_wconf 83' lang='grc' dir='ltr'>δέ</span> 
     </span>
     <span class='ocr_line' id='line_1_23' title="bbox 56 2793 1198 2890; baseline 0 -22"><span class='ocrx_word' id='word_1_174' title='bbox 56 2804 89 2868; x_wconf 90' lang='lat' dir='ltr'>in</span> <span class='ocrx_word' id='word_1_175' title='bbox 116 2827 151 2871; x_wconf 92' lang='grc' dir='ltr'>τε</span> <span class='ocrx_word' id='word_1_176' title='bbox 180 2804 339 2889; x_wconf 89' lang='lat' dir='ltr'>particula</span> <span class='ocrx_word' id='word_1_177' title='bbox 370 2806 467 2870; x_wconf 83' lang='lat' dir='ltr'>facile</span> <span class='ocrx_word' id='word_1_178' title='bbox 495 2793 630 2888; x_wconf 83' lang='lat' dir='ltr'>vitetur,</span> <span class='ocrx_word' id='word_1_179' title='bbox 663 2809 773 2868; x_wconf 89' lang='lat' dir='ltr'>tamen</span> <span class='ocrx_word' id='word_1_180' title='bbox 801 2804 898 2890; x_wconf 87' lang='lat' dir='ltr'>longe</span> <span class='ocrx_word' id='word_1_181' title='bbox 926 2804 1198 2869; x_wconf 86' lang='lat' dir='ltr'>evidentissimum</span> 
     </span>
     <span class='ocr_line' id='line_1_24' title="bbox 58 2915 1197 3000; baseline 0.001 -23"><span class='ocrx_word' id='word_1_182' title='bbox 58 2917 281 2999; x_wconf 86' lang='lat' dir='ltr'>argumentum</span> <span class='ocrx_word' id='word_1_183' title='bbox 294 2915 356 2980; x_wconf 90' lang='lat' dir='ltr'>hoc</span> <span class='ocrx_word' id='word_1_184' title='bbox 371 2919 487 2998; x_wconf 87' lang='lat' dir='ltr'>restet,</span> <span class='ocrx_word' id='word_1_185' title='bbox 504 2915 588 3000; x_wconf 89' lang='lat' dir='ltr'>quod</span> <span class='ocrx_word' id='word_1_186' title='bbox 604 2916 767 2980; x_wconf 85' lang='lat' dir='ltr'>constanti</span> <span class='ocrx_word' id='word_1_187' title='bbox 781 2915 931 3000; x_wconf 85' lang='lat' dir='ltr'>loquendi</span> <span class='ocrx_word' id='word_1_188' title='bbox 945 2937 1004 2978; x_wconf 84' lang='lat' dir='ltr'>usu</span> <span class='ocrx_word' id='word_1_189' title='bbox 1020 2919 1197 2999; x_wconf 83' lang='lat' dir='ltr'>‘tropaeum</span> 
     </span>
     <span class='ocr_line' id='line_1_25' title="bbox 58 3025 1198 3111; baseline 0.004 -25"><span class='ocrx_word' id='word_1_190' title='bbox 58 3029 207 3090; x_wconf 80' lang='lat' dir='ltr'>statuere’</span> <span class='ocrx_word' id='word_1_191' title='bbox 230 3046 301 3088; x_wconf 92' lang='lat' dir='ltr'>cum</span> <span class='ocrx_word' id='word_1_192' title='bbox 324 3025 437 3089; x_wconf 89' lang='lat' dir='ltr'>ceteris</span> <span class='ocrx_word' id='word_1_193' title='bbox 460 3026 668 3110; x_wconf 86' lang='lat' dir='ltr'>scriptoribus</span> <span class='ocrx_word' id='word_1_194' title='bbox 684 3027 782 3090; x_wconf 88' lang='lat' dir='ltr'>etiam</span> <span class='ocrx_word' id='word_1_195' title='bbox 803 3028 917 3110; x_wconf 89' lang='lat' dir='ltr'>poetae</span> <span class='ocrx_word' id='word_1_196' title='bbox 938 3025 1056 3111; x_wconf 83' lang='lat' dir='ltr'>tragici</span> <span class='ocrx_word' id='word_1_197' title='bbox 1077 3025 1198 3092; x_wconf 83' lang='grc' dir='ltr'>ἱετάναι</span> 
     </span>
     <span class='ocr_line' id='line_1_26' title="bbox 56 3135 1196 3222; baseline 0.004 -24"><span class='ocrx_word' id='word_1_198' title='bbox 56 3139 211 3213; x_wconf 87' lang='grc' dir='ltr'>τροπαῖον</span> <span class='ocrx_word' id='word_1_199' title='bbox 234 3135 384 3200; x_wconf 85' lang='lat' dir='ltr'>dixemnt</span> <span class='ocrx_word' id='word_1_200' title='bbox 406 3135 457 3218; x_wconf 77' lang='lat' dir='ltr'>(ut</span> <span class='ocrx_word' id='word_1_201' title='bbox 478 3135 606 3200; x_wconf 87' lang='lat' dir='ltr'>mittam</span> <span class='ocrx_word' id='word_1_202' title='bbox 628 3137 764 3217; x_wconf 81' lang='grc' dir='ltr'>ὀρθοῦν,</span> <span class='ocrx_word' id='word_1_203' title='bbox 787 3136 952 3222; x_wconf 81' lang='grc' dir='ltr'>ἐγείρειν),</span> <span class='ocrx_word' id='word_1_204' title='bbox 978 3157 1045 3200; x_wconf 91' lang='lat' dir='ltr'>non</span> <span class='ocrx_word' id='word_1_205' title='bbox 1066 3138 1196 3202; x_wconf 86' lang='grc' dir='ltr'>τιθέναι.</span> 
     </span>
     <span class='ocr_line' id='line_1_27' title="bbox 58 3244 1195 3330; baseline 0.003 -21"><span class='ocrx_word' id='word_1_206' title='bbox 58 3244 295 3310; x_wconf 78' lang='lat' dir='ltr'>Animadvertit</span> <span class='ocrx_word' id='word_1_207' title='bbox 320 3245 382 3309; x_wconf 92' lang='lat' dir='ltr'>hoc</span> <span class='ocrx_word' id='word_1_208' title='bbox 404 3245 613 3310; x_wconf 85' lang='lat' dir='ltr'>Marklandus</span> <span class='ocrx_word' id='word_1_209' title='bbox 638 3245 674 3310; x_wconf 91' lang='lat' dir='ltr'>in</span> <span class='ocrx_word' id='word_1_210' title='bbox 696 3245 862 3330; x_wconf 85' lang='lat' dir='ltr'>Supplices</span> <span class='ocrx_word' id='word_1_211' title='bbox 883 3244 1046 3330; x_wconf 82' lang='lat' dir='ltr'>Euripidis</span> <span class='ocrx_word' id='word_1_212' title='bbox 1067 3269 1098 3310; x_wconf 86' lang='grc' dir='ltr'>ν.</span> <span class='ocrx_word' id='word_1_213' title='bbox 1122 3247 1195 3330; x_wconf 80' lang='lat'>657,</span> 
     </span>
     <span class='ocr_line' id='line_1_28' title="bbox 57 3355 1197 3440; baseline 0.004 -25"><span class='ocrx_word' id='word_1_214' title='bbox 57 3355 157 3418; x_wconf 84' lang='lat' dir='ltr'>tribus</span> <span class='ocrx_word' id='word_1_215' title='bbox 172 3356 200 3420; x_wconf 88' lang='lat' dir='ltr'>is</span> <span class='ocrx_word' id='word_1_216' title='bbox 215 3355 343 3440; x_wconf 86' lang='lat' dir='ltr'>quidem</span> <span class='ocrx_word' id='word_1_217' title='bbox 357 3357 476 3421; x_wconf 88' lang='grc' dir='ltr'>τιθέναι</span> <span class='ocrx_word' id='word_1_218' title='bbox 492 3356 581 3420; x_wconf 87' lang='lat' dir='ltr'>verbi</span> <span class='ocrx_word' id='word_1_219' title='bbox 596 3356 749 3440; x_wconf 81' lang='lat' dir='ltr'>exemplis</span> <span class='ocrx_word' id='word_1_220' title='bbox 764 3355 963 3438; x_wconf 88' lang='lat' dir='ltr'>memoratis,</span> <span class='ocrx_word' id='word_1_221' title='bbox 987 3355 1042 3419; x_wconf 88' lang='lat' dir='ltr'>sed</span> <span class='ocrx_word' id='word_1_222' title='bbox 1064 3377 1197 3439; x_wconf 91' lang='lat' dir='ltr'>quorum</span> 
     </span>
     <span class='ocr_line' id='line_1_29' title="bbox 58 3464 1197 3549; baseline 0.002 -21"><span class='ocrx_word' id='word_1_223' title='bbox 58 3464 193 3546; x_wconf 89' lang='lat' dir='ltr'>primum</span> <span class='ocrx_word' id='word_1_224' title='bbox 215 3465 352 3548; x_wconf 89' lang='lat' dir='ltr'>petitum</span> <span class='ocrx_word' id='word_1_225' title='bbox 375 3488 392 3528; x_wconf 91' lang='lat' dir='ltr'>e</span> <span class='ocrx_word' id='word_1_226' title='bbox 415 3465 611 3549; x_wconf 82' lang='lat' dir='ltr'>Ohoephoris</span> <span class='ocrx_word' id='word_1_227' title='bbox 639 3488 669 3528; x_wconf 88' lang='grc' dir='ltr'>ν.</span> <span class='ocrx_word' id='word_1_228' title='bbox 694 3466 756 3530; x_wconf 80' lang='grc'>762</span> <span class='ocrx_word' id='word_1_229' title='bbox 778 3465 852 3530; x_wconf 79' lang='grc' dir='ltr'>ἀλλ’</span> <span class='ocrx_word' id='word_1_230' title='bbox 881 3465 908 3530; x_wconf 93' lang='grc' dir='ltr'>εί</span> <span class='ocrx_word' id='word_1_231' title='bbox 935 3466 1092 3545; x_wconf 81' lang='grc' dir='ltr'>τροπαίαν</span> <span class='ocrx_word' id='word_1_232' title='bbox 1114 3466 1197 3530; x_wconf 73' lang='grc' dir='ltr'>Ζεὺς</span> 
     </span>
     <span class='ocr_line' id='line_1_30' title="bbox 58 3574 1197 3656; baseline 0.002 -20"><span class='ocrx_word' id='word_1_233' title='bbox 58 3579 163 3639; x_wconf 84' lang='grc' dir='ltr'>κακῶν</span> <span class='ocrx_word' id='word_1_234' title='bbox 186 3577 269 3654; x_wconf 70' lang='lat' dir='ltr'>sucu</span> <span class='ocrx_word' id='word_1_235' title='bbox 291 3578 390 3654; x_wconf 84' lang='grc' dir='ltr'>ποτέ,</span> <span class='ocrx_word' id='word_1_236' title='bbox 416 3575 472 3639; x_wconf 89' lang='lat' dir='ltr'>ubi</span> <span class='ocrx_word' id='word_1_237' title='bbox 494 3575 544 3640; x_wconf 86' lang='lat' dir='ltr'>vel</span> <span class='ocrx_word' id='word_1_238' title='bbox 566 3577 721 3656; x_wconf 90' lang='grc' dir='ltr'>τρόπαιον</span> <span class='ocrx_word' id='word_1_239' title='bbox 744 3575 795 3640; x_wconf 87' lang='lat' dir='ltr'>vel</span> <span class='ocrx_word' id='word_1_240' title='bbox 815 3577 955 3656; x_wconf 89' lang='grc' dir='ltr'>τρόπαια</span> <span class='ocrx_word' id='word_1_241' title='bbox 976 3575 1060 3640; x_wconf 89' lang='lat' dir='ltr'>male</span> <span class='ocrx_word' id='word_1_242' title='bbox 1086 3574 1197 3640; x_wconf 84' lang='lat' dir='ltr'>suade-</span> 
     </span>
     <span class='ocr_line' id='line_1_31' title="bbox 60 3682 1197 3770; baseline 0.001 -23"><span class='ocrx_word' id='word_1_243' title='bbox 60 3682 113 3748; x_wconf 89' lang='lat' dir='ltr'>bat</span> <span class='ocrx_word' id='word_1_244' title='bbox 134 3683 309 3768; x_wconf 88' lang='lat' dir='ltr'>Porsonus,</span> <span class='ocrx_word' id='word_1_245' title='bbox 338 3707 466 3770; x_wconf 90' lang='lat' dir='ltr'>prorsus</span> <span class='ocrx_word' id='word_1_246' title='bbox 495 3686 571 3750; x_wconf 91' lang='lat' dir='ltr'>hinc</span> <span class='ocrx_word' id='word_1_247' title='bbox 599 3685 740 3750; x_wconf 87' lang='lat' dir='ltr'>alienum</span> <span class='ocrx_word' id='word_1_248' title='bbox 767 3685 824 3750; x_wconf 88' lang='lat' dir='ltr'>sit:</span> <span class='ocrx_word' id='word_1_249' title='bbox 853 3685 989 3750; x_wconf 86' lang='lat' dir='ltr'>alterum</span> <span class='ocrx_word' id='word_1_250' title='bbox 1015 3685 1050 3748; x_wconf 93' lang='lat' dir='ltr'>in</span> <span class='ocrx_word' id='word_1_251' title='bbox 1071 3684 1197 3748; x_wconf 90' lang='lat' dir='ltr'>Helena</span> 
     </span>
     <span class='ocr_line' id='line_1_32' title="bbox 58 3793 1196 3877; baseline 0.004 -22"><span class='ocrx_word' id='word_1_252' title='bbox 58 3793 219 3877; x_wconf 78' lang='lat' dir='ltr'>Euripidis</span> <span class='ocrx_word' id='word_1_253' title='bbox 241 3817 270 3859; x_wconf 89' lang='lat' dir='ltr'>v.</span> <span class='ocrx_word' id='word_1_254' title='bbox 297 3796 380 3860; x_wconf 85' lang='lat'>1380</span> <span class='ocrx_word' id='word_1_255' title='bbox 407 3797 452 3860; x_wconf 82' lang='grc' dir='ltr'>ὼε</span> <span class='ocrx_word' id='word_1_256' title='bbox 481 3797 652 3877; x_wconf 87' lang='grc' dir='ltr'>βαρβάρων</span> <span class='ocrx_word' id='word_1_257' title='bbox 680 3797 818 3876; x_wconf 87' lang='grc' dir='ltr'>τρόπαια</span> <span class='ocrx_word' id='word_1_258' title='bbox 845 3796 967 3875; x_wconf 89' lang='grc' dir='ltr'>μυρίων</span> <span class='ocrx_word' id='word_1_259' title='bbox 996 3797 1064 3876; x_wconf 87' lang='grc' dir='ltr'>χερὶ</span> <span class='ocrx_word' id='word_1_260' title='bbox 1090 3798 1196 3874; x_wconf 82' lang='grc' dir='ltr'>θήεων</span> 
     </span>
     <span class='ocr_line' id='line_1_33' title="bbox 59 3903 1196 3989; baseline 0.002 -24"><span class='ocrx_word' id='word_1_261' title='bbox 59 3903 168 3966; x_wconf 83' lang='lat' dir='ltr'>addito</span> <span class='ocrx_word' id='word_1_262' title='bbox 191 3905 255 3983; x_wconf 88' lang='grc' dir='ltr'>χερί</span> <span class='ocrx_word' id='word_1_263' title='bbox 277 3903 419 3969; x_wconf 85' lang='lat' dir='ltr'>differat:</span> <span class='ocrx_word' id='word_1_264' title='bbox 441 3906 571 3970; x_wconf 90' lang='lat' dir='ltr'>tertium</span> <span class='ocrx_word' id='word_1_265' title='bbox 595 3905 822 3988; x_wconf 86' lang='lat' dir='ltr'>Aristophanis</span> <span class='ocrx_word' id='word_1_266' title='bbox 843 3904 879 3968; x_wconf 89' lang='lat' dir='ltr'>in</span> <span class='ocrx_word' id='word_1_267' title='bbox 893 3904 1072 3989; x_wconf 88' lang='lat' dir='ltr'>Lysistrata</span> <span class='ocrx_word' id='word_1_268' title='bbox 1087 3925 1116 3968; x_wconf 83' lang='lat' dir='ltr'>v.</span> <span class='ocrx_word' id='word_1_269' title='bbox 1133 3903 1196 3968; x_wconf 88' lang='grc'>318</span> 
     </span>
     <span class='ocr_line' id='line_1_34' title="bbox 59 4014 1195 4101; baseline 0.001 -26"><span class='ocrx_word' id='word_1_270' title='bbox 59 4033 121 4076; x_wconf 91' lang='lat' dir='ltr'>non</span> <span class='ocrx_word' id='word_1_271' title='bbox 152 4015 252 4078; x_wconf 84' lang='grc' dir='ltr'>θεῖναι</span> <span class='ocrx_word' id='word_1_272' title='bbox 279 4015 333 4079; x_wconf 88' lang='lat' dir='ltr'>sed</span> <span class='ocrx_word' id='word_1_273' title='bbox 362 4018 467 4081; x_wconf 82' lang='grc' dir='ltr'>θέεθαι</span> <span class='ocrx_word' id='word_1_274' title='bbox 495 4019 640 4100; x_wconf 87' lang='lat' dir='ltr'>praestat</span> <span class='ocrx_word' id='word_1_275' title='bbox 672 4015 831 4101; x_wconf 77' lang='lat' dir='ltr'>genetiuis</span> <span class='ocrx_word' id='word_1_276' title='bbox 859 4014 1014 4080; x_wconf 92' lang='lat' dir='ltr'>sociatum</span> <span class='ocrx_word' id='word_1_277' title='bbox 1042 4014 1195 4078; x_wconf 81' lang='grc' dir='ltr'>δέτποινα</span> 
     </span>
     <span class='ocr_line' id='line_1_35' title="bbox 60 4124 1196 4204; baseline 0 -18"><span class='ocrx_word' id='word_1_278' title='bbox 60 4124 134 4202; x_wconf 93' lang='grc' dir='ltr'>Νίκη</span> <span class='ocrx_word' id='word_1_279' title='bbox 159 4129 311 4200; x_wconf 74' lang='grc' dir='ltr'>ξυγγενοῦ</span> <span class='ocrx_word' id='word_1_280' title='bbox 333 4131 401 4192; x_wconf 84' lang='grc' dir='ltr'>τῶν</span> <span class='ocrx_word' id='word_1_281' title='bbox 423 4129 457 4191; x_wconf 82' lang='grc' dir='ltr'>τ’</span> <span class='ocrx_word' id='word_1_282' title='bbox 480 4127 515 4192; x_wconf 87' lang='grc' dir='ltr'>έν</span> <span class='ocrx_word' id='word_1_283' title='bbox 531 4126 623 4193; x_wconf 85' lang='grc' dir='ltr'>πόλει</span> <span class='ocrx_word' id='word_1_284' title='bbox 645 4131 807 4204; x_wconf 88' lang='grc' dir='ltr'>γυναικῶν</span> <span class='ocrx_word' id='word_1_285' title='bbox 830 4130 888 4190; x_wconf 88' lang='grc' dir='ltr'>τοῦ</span> <span class='ocrx_word' id='word_1_286' title='bbox 910 4129 970 4191; x_wconf 88' lang='grc' dir='ltr'>νῦν</span> <span class='ocrx_word' id='word_1_287' title='bbox 993 4125 1196 4202; x_wconf 80' lang='grc' dir='ltr'>παρεετιίιτοε</span> 
     </span>
     <span class='ocr_line' id='line_1_36' title="bbox 58 4231 1196 4315; baseline -0.002 -19"><span class='ocrx_word' id='word_1_288' title='bbox 58 4233 198 4312; x_wconf 75' lang='lat' dir='ltr'>tattone</span> <span class='ocrx_word' id='word_1_289' title='bbox 222 4235 323 4300; x_wconf 80' lang='grc' dir='ltr'>θέιθαι</span> <span class='ocrx_word' id='word_1_290' title='bbox 350 4239 509 4315; x_wconf 82' lang='grc' dir='ltr'>τροπαῖον</span> <span class='ocrx_word' id='word_1_291' title='bbox 541 4237 630 4315; x_wconf 69' lang='grc' dir='ltr'>ἡμᾶς.</span> <span class='ocrx_word' id='word_1_292' title='bbox 678 4235 766 4310; x_wconf 85' lang='lat' dir='ltr'>Quae</span> <span class='ocrx_word' id='word_1_293' title='bbox 794 4257 865 4300; x_wconf 89' lang='lat' dir='ltr'>curn</span> <span class='ocrx_word' id='word_1_294' title='bbox 897 4235 943 4298; x_wconf 90' lang='lat' dir='ltr'>ita</span> <span class='ocrx_word' id='word_1_295' title='bbox 976 4232 1057 4314; x_wconf 91' lang='lat' dir='ltr'>sint,</span> <span class='ocrx_word' id='word_1_296' title='bbox 1092 4231 1196 4296; x_wconf 88' lang='lat' dir='ltr'>denuo</span> 
     </span>
    </p>
   </div>
   <div class='ocr_carea' id='block_1_3' title="bbox 60 4341 1196 4506">
    <p class='ocr_par' dir='ltr' id='par_1_4' title="bbox 60 4341 1196 4506">
     <span class='ocr_line' id='line_1_37' title="bbox 60 4341 1196 4481; baseline -0.002 -75"><span class='ocrx_word' id='word_1_297' title='bbox 60 4345 190 4424; x_wconf 86' lang='lat' dir='ltr'>praesto</span> <span class='ocrx_word' id='word_1_298' title='bbox 210 4345 257 4407; x_wconf 82' lang='lat' dir='ltr'>est</span> <span class='ocrx_word' id='word_1_299' title='bbox 277 4344 390 4409; x_wconf 84' lang='lat' dir='ltr'>salutis</span> <span class='ocrx_word' id='word_1_300' title='bbox 413 4345 600 4410; x_wconf 84' lang='lat' dir='ltr'>administer</span> <span class='ocrx_word' id='word_1_301' title='bbox 621 4344 811 4427; x_wconf 84' lang='lat' dir='ltr'>scholiasta,</span> <span class='ocrx_word' id='word_1_302' title='bbox 839 4365 906 4408; x_wconf 92' lang='lat' dir='ltr'>non</span> <span class='ocrx_word' id='word_1_303' title='bbox 934 4341 1042 4481; x_wconf 63' lang='lat' dir='ltr'>is*qui</span> <span class='ocrx_word' id='word_1_304' title='bbox 1071 4341 1110 4406; x_wconf 85' lang='lat' dir='ltr'>de</span> <span class='ocrx_word' id='word_1_305' title='bbox 1131 4346 1196 4405; x_wconf 92' lang='lat' dir='ltr'>tro-</span> 
     </span>
     <span class='ocr_line' id='line_1_38' title="bbox 927 4445 969 4506; baseline 0 0"><span class='ocrx_word' id='word_1_306' title='bbox 927 4445 969 4506; x_wconf 76' lang='lat'>24</span> 
     </span>
    </p>
   </div>
   <div class='ocr_carea' id='block_1_4' title="bbox 0 0 1477 5134">
    <p class='ocr_par' dir='ltr' id='par_1_5' title="bbox 0 0 1477 5134">
     <span class='ocr_line' id='line_1_39' title="bbox 0 0 1477 5134; baseline 0 0"><span class='ocrx_word' id='word_1_307' title='bbox 0 0 1477 5134; x_wconf 95' lang='lat' dir='ltr'> </span> 
     </span>
    </p>
   </div>
  </div>
 </body>
</html>
