2976 5140
287 373 350 434 (550
672 388 717 432 uu
742 386 811 432 ono
835 387 1043 434 momoria.

288 544 415 604 notatas
438 544 605 603 revocatur
628 541 738 622 putida
762 539 899 624 quadam
923 541 1101 623 diligentia.
1133 542 1218 606 Narn
1241 564 1317 620 cum,
1337 567 1395 626 quac

288 675 306 714 a
322 651 482 714 veteribus
504 652 589 728 πάθη
612 651 820 733 vocalnmtur,
845 652 889 714 eis
906 652 1142 735 contineantur,
1167 675 1245 736 quas
1260 675 1312 716 uos
1326 654 1396 716 ludia

285 770 402 840 liparas
423 769 640 842 ctpnrolope’cos
662 761 875 844 appellamus:
914 785 1016 845 noque
1039 763 1124 825 enim
1147 765 1273 846 πάθεα,
1296 765 1330 826 de
1349 765 1396 846 pl-

288 873 346 935 lms
373 872 425 935 hic
455 872 595 954 agimus,
625 872 676 935 vel
704 873 900 955 syntecticus
924 877 956 936 et
977 873 1153 937 rhetoricas
1182 875 1297 958 figuras
1322 875 1397 937 adnu-

287 983 471 1065 merabant,
509 1005 589 1064 quae
619 987 694 1045 sunt
723 984 853 1064 τρόποι,
888 983 937 1046 vel
966 983 1037 1046 illas
1072 985 1295 1048 vocabulorum
1320 996 1397 1048 niuta-

287 1094 408 1175 tiones,
432 1116 513 1176 <pure
536 1115 593 1176 per
616 1097 860 1176 apostrophum,
888 1094 1019 1182 hyphen
1042 1099 1074 1157 et
1096 1096 1334 1179 hypodiastolen
1351 1097 1397 1158 fae-

286 1209 339 1268 tae
362 1206 439 1268 item
463 1207 546 1282 πάθη
570 1205 729 1287 (licuntur,
753 1205 808 1267 sed
832 1227 905 1288 pars
921 1209 997 1268 sunt
1019 1208 1202 1290 προειμδία(
1226 1207 1281 1290 (ef.
1297 1207 1397 1270 Scholia

286 1317 320 1378 in
337 1315 524 1399 Dionysium
548 1316 704 1379 Thracem
726 1339 757 1398 p.
775 1317 847 1378 (ill.
872 1317 945 1380 683.
969 1317 1041 1380 (595.
1067 1318 1138 1380 703.
1165 1318 1226 1381 709
1241 1339 1306 1400 sqq.
1329 1319 1397 1394 7132:

285 1430 393 1490 tamen
416 1427 499 1490 Orus
522 1427 647 1510 (pridem
671 1429 856 1510 pleramque
879 1427 1066 1509 simpliciter
1088 1431 1216 1496 tantum
1240 1432 1294 1490 aut
1313 1432 1398 1492 πλεο-

284 1545 414 1620 νοεμῷ
449 1541 504 1600 aut
539 1545 663 1620 τροπῇ
698 1541 754 1600 aut
782 1546 953 1622 (υγκοπῇ
988 1542 1044 1600 aut
1078 1539 1256 1622 ἀποβολῇ
1289 1540 1397 1601 l'ormun

284 1670 440 1730 quamque
473 1649 542 1710 fieri
575 1648 716 1729 notavit,
752 1671 817 1712 non
850 1670 965 1712 curans
998 1649 1065 1711 fere
1096 1649 1299 1712 artificiosam
1325 1649 1397 1710 istan

284 1759 446 1821 variarum
479 1758 690 1840 partitionum
724 1758 979 1842 uniltitudinem,
1019 1782 1081 1842 qua
1121 1759 1210 1822 velut
1241 1760 1275 1822 iu
1306 1757 1397 1841 ιη’,ιξίιιλι

284 1870 405 1952 specics
434 1869 677 1951 distingnumtur
705 1871 904 1949 uheovucudc
928 1874 960 1932 et
982 1871 1088 1934 ἔνδεια
1111 1891 1248 1953 genem,
1272 1870 1303 1932 in
1322 1869 1398 1947 πρόι-

283 1987 383 2057 θεειν,
426 1981 657 2060 ἀναδίπλωειν,
700 1983 839 2062 ἔκταειν,
875 1982 1082 2061 παρένθεειν,
1117 1981 1333 2059 παρέμπτωειν
1360 1979 1397 2038 rel

283 2092 441 2168 ἔλλειψιν,
465 2092 692 2169 παρέλλειψιν,
715 2092 874 2170 ἔκθλιψιν,
903 2091 1074 2168 ἀποκοπήν
1098 2093 1130 2153 et
1152 2112 1234 2173 quae
1256 2093 1324 2152 sunl
1343 2087 1397 2149 rcli-

283 2223 374 2283 quae.
420 2199 511 2273 duod
546 2223 616 2262 emn
646 2201 691 2262 ita
719 2201 776 2282 sit,
812 2223 870 2264 nos
904 2223 1027 2284 quoque
1056 2203 1088 2264 et
1120 2201 1259 2263 libenter
1289 2202 1318 2262 et
1346 2199 1399 2260 iure

283 2315 392 2372 nostro
421 2311 455 2373 in
489 2311 658 2374 afferendis
692 2312 748 2372 ori
782 2312 975 2395 fragmentis
1010 2311 1284 2394 supersedebimus
1313 2307 1398 2372 inutili

282 2422 344 2483 ista
366 2423 541 2483 forruarum
564 2421 789 2504 descriptione.
822 2422 882 2495 Qui
899 2422 995 2502 enim,
1020 2444 1115 2505 quam
1131 2443 1172 2484 ne
1195 2419 1398 2504 puammaticus

282 2532 408 2614 quidem
425 2531 561 2614 singulis
586 2532 803 2595 notationibus
821 2533 1036 2594 construitiam
1052 2531 1244 2612 adhibuerit,
1268 2533 1301 2594 iu
1314 2528 1398 2592 ‹listri-
1474 2535 1475 2538 ’

249 2641 407 2704 :buemlo
428 2642 497 2724 ipse
520 2643 657 2704 teneas?
693 2665 754 2724 quo
778 2643 911 2724 accedit,
936 2642 1019 2725 quod
1042 2642 1126 2704 haud
1149 2663 1223 2704 raro
1247 2641 1398 2724 complures

281 2753 404 2816 πάθον(
432 2753 550 2814 formas
579 2753 613 2814 in
636 2775 699 2814 una
729 2754 895 2816 notatione
918 2753 1044 2816 iunctas
1065 2752 1175 2814 habes.
1222 2752 1398 2830 Omnimupu

281 2885 375 2944 quam
406 2863 524 2945 poterit
551 2862 736 2925 brevissime
764 2864 824 2926 hoc
854 2885 946 2926 ornae
977 2867 1073 2946 eaput
1100 2862 1339 2947 transigeudmu
1361 2870 1398 2918 ol
1474 2911 1475 2922 ι

281 2979 411 3056 propter
440 2973 659 3036 incredibilem
688 2974 773 3036 illius
802 2976 967 3038 doctrinae
996 2973 1215 3054 ieiunitatem,
1250 2993 1326 3055 quae
1349 2989 1397 3030 nou

281 3087 387 3166 potest
415 3084 568 3146 hodierno
598 3085 809 3166 grammatico
838 3107 902 3146 non
930 3106 1087 3146 summum
1117 3105 1226 3146 creare
1249 3080 1396 3146 fastidium¹

282 3193 497 3256 Coniunctum
520 3195 579 3256 hoc
602 3197 651 3256 est
674 3217 745 3257 curn
769 3195 813 3257 cis·
830 3218 910 3278 (puae
934 3194 972 3256 de
996 3193 1217 3256 imbecillitate
1240 3189 1398 3275 etymolo

281 3304 398 3386 gisae
421 3305 500 3366 artis
523 3326 619 3386 supra
643 3305 766 3367 monui:
791 3327 873 3387 quae
898 3327 968 3367 cnm
992 3304 1087 3367 certis
1110 3304 1261 3388 aquibus
1283 3297 1397 3385 proficis

282 3419 406 3478 ceretur
435 3415 603 3497 principiis
632 3416 786 3496 quilmsve
812 3416 1126 3478 circumscriberetur
1149 3415 1266 3476 finibus
1289 3411 1396 3475 carerd.
1474 3483 1475 3502 ἦ

281 3526 313 3587 in
343 3548 499 3588 summani
528 3525 619 3606 lapsa
649 3525 838 3607 cunimundi,
874 3525 971 3588 innuo
1006 3525 1216 3588 halucinandi
1246 3522 1396 3586 libidinem.
1474 3541 1475 3544 ’

279 3658 360 3718 quac
385 3636 465 3698 nihil
489 3636 549 3698 sibi
573 3658 637 3697 non
661 3636 785 3698 licitum
800 3636 940 3716 duceret,
966 3640 1089 3699 vastam
1105 3636 1222 3698 molem
1244 3627 1396 3717 procrearit

280 3746 557 3827 captiuncularum
581 3767 694 3828 parum
717 3748 952 3809 fructuosarum
976 3751 1008 3810 et
1031 3746 1189 3809 sterilium
1212 3744 1395 3828 argutianin.
1474 3775 1475 3784 ι

280 3859 497 3938 Quapropter,
530 3879 599 3919 cuni
629 3878 688 3938 par
717 3857 760 3918 sit
782 3857 873 3918 huius
897 3856 1025 3939 generis
1049 3856 1156 3918 vilitas
1179 3860 1273 3938 atque
1294 3850 1397 3914 bonia-
1474 3871 1475 3876 ¹

280 3966 481 4029 ethnicarum
517 3967 791 4029 observatimuun:
830 3968 899 4049 pari
928 3971 1023 4050 atque
1057 3965 1115 4028 has
1144 3965 1307 4048 diligentia
1335 3954 1396 4021 illul
1474 4043 1475 4046 Ἴ

279 4078 426 4160 persequi
450 4077 560 4139 licebit
583 4078 808 4156 festinatione,
838 4082 874 4140 ut
902 4080 969 4139 fere
992 4078 1026 4139 in
1050 4075 1271 4139 enumerandis
1291 4073 1397 4134 tantum

280 4188 416 4269 singulis
450 4188 670 4250 notationibus
698 4210 796 4270 opera
825 4191 934 4250 nostm
962 4191 1128 4249 versatum
1152 4187 1205 4250 sit.
1248 4185 1282 4246 ln
1302 4178 1397 4263 quum

282 4320 359 4358 sane
383 4320 447 4359 non
471 4298 597 4376 desunt,
622 4299 736 4380 quibus
761 4298 889 4360 aliunde
914 4303 1009 4380 atque
1033 4319 1070 4359 ex
1095 4295 1283 4379 etymologia
1302 4293 1397 4352 auem

282 4430 342 4488 ope
366 4407 526 4490 explicata
551 4409 751 4490 aliqimntum
776 4409 823 4470 rel
848 4408 1037 4471 cruditionis
1067 4407 1116 4469 vcl
1145 4403 1291 4470 acuminis
1311 4417 1398 4459 acces·
