2942 5134
352 391 388 438 iu
410 389 584 440 rascnrm
608 387 859 438 raouumsvu.
1117 373 1181 440 383

128 539 167 606 V.
190 544 262 608 609.
294 542 475 644 Perpopitur
496 565 605 607 versus
627 547 756 626 recepto
779 543 922 608 Elmsleii
945 545 1111 628 praeclaro
1132 546 1180 610 in-

51 657 138 716 vento
161 655 193 716 et
213 656 342 717 servata
363 653 477 716 ultima
499 657 559 733 χρὴ
581 653 668 717 vocis
690 653 815 717 littera:

235 810 359 878 παθεῖν,
381 807 411 871 τί
432 811 559 886 μῆχαρ
581 807 600 883 ἢ
623 806 656 870 τί
679 807 848 886 φάρμακον
871 808 986 882 νόεους

52 958 96 1021 Ita
124 957 161 1022 ad
195 958 347 1022 amussim
377 959 549 1042 respondet
581 957 759 1041 strophico,
793 980 812 1022 a
840 957 1023 1024 Wellauero
1054 959 1180 1024 demum
1200 969 1256 1018 xxv

52 1073 159 1132 temere
181 1072 341 1150 corrupto.

126 1177 164 1241 V.
179 1179 243 1243 645
265 1177 391 1241 diversa
406 1177 575 1262 scriptura,
600 1177 723 1242 etiamsi
747 1200 812 1242 non
827 1179 1021 1264 recipienda,
1046 1184 1181 1264 atquae

53 1287 165 1350 exstitit
186 1291 298 1352 temen
320 1288 411 1370 olim,
440 1287 535 1351 latuit
556 1287 591 1352 in
613 1289 777 1354 πεύεοιεθε
800 1288 1057 1373 Robortellisuo,
1095 1289 1127 1354 h.
1152 1312 1179 1353 e.

53 1402 211 1480 πενεεῖεθε,
236 1401 273 1462 ut
295 1401 343 1462 est
365 1397 451 1462 infra
473 1420 502 1462 v.
525 1397 589 1462 990
610 1403 795 1464 πευεεῑεθαι.
841 1398 923 1462 Vide
938 1399 1123 1464 Fischerum
1138 1399 1178 1463 ad

53 1505 138 1572 Well.
160 1507 193 1572 Π
214 1531 248 1591 p.
270 1507 345 1590 428,
369 1506 567 1572 Brunckium
588 1507 629 1571 ad
651 1507 782 1591 Hippol.
809 1509 900 1574 1104.
1163 1592 1165 1597 .

126 1617 162 1683 V.
177 1618 241 1684 648
257 1618 284 1682 si
300 1618 484 1682 terminatio
501 1618 655 1701 probatur
669 1619 770 1702 epica,
795 1618 1035 1684 adsciscendum
1049 1619 1181 1686 Homeri

53 1729 185 1812 exemplo
207 1728 307 1792 etiam
330 1751 357 1792 ω
376 1731 425 1792 est
446 1729 698 1809 πωλεύμεναι
721 1729 824 1792 verbi:
847 1751 909 1812 qus
931 1729 1057 1812 quidem
1078 1729 1181 1794 forma

53 1837 152 1901 codem
172 1841 269 1922 poeta
284 1839 352 1902 iure
368 1838 540 1922 eademque
562 1837 663 1902 utitur
684 1839 716 1903 vi
737 1843 832 1924 atque
855 1839 1038 1920 εἰαοιχνεῦα
1060 1862 1089 1904 ν.
1110 1841 1179 1904 122.

127 1947 165 2012 V.
188 1949 252 2014 656
275 1949 373 2028 πρόε
398 1951 520 2029 πατρὸς
541 1949 728 2013 notandum.

127 2056 166 2122 V.
189 2059 255 2123 680
281 2059 425 2142 proxime
452 2058 493 2122 ad
521 2081 630 2122 verum
652 2059 777 2124 accedit
798 2057 984 2142 Spanhemii
1007 2061 1102 2140 ἀκτήν
1126 2061 1181 2145 (ad

54 2167 165 2232 callim.
188 2169 347 2252 hymnum
367 2169 403 2232 in
425 2167 505 2232 Pati.
529 2190 559 2232 v.
582 2169 650 2254 46).
695 2167 757 2234 Sed
785 2170 889 2253 ipsum
920 2191 1029 2233 verum
1057 2170 1182 2234 videtur

54 2274 105 2340 hoc
126 2299 208 2343 esse:

237 2389 389 2469 Λέρνη(
411 2392 442 2454 τ’
464 2389 503 2453 ἐι
526 2389 647 2469 ἀκτήν
670 2427 721 2452 -.

54 2517 198 2588 Pindarus
221 2523 275 2588 Ol.
299 2523 373 2607 VH,
397 2523 454 2588 60:
476 2525 632 2604 Λερναίας
654 2525 713 2590 ἀπ’
736 2525 839 2590 ἀκτᾶς.

127 2633 165 2698 V.
189 2634 253 2699 709
275 2655 344 2718 sqq.
389 2633 441 2697 Ad
469 2634 681 2717 expediendos
709 2634 762 2698 Ius
790 2655 911 2699 errores
939 2655 1004 2701 non
1033 2635 1111 2700 satis
1134 2639 1182 2700 est

53 2741 189 2808 lacunam
210 2744 312 2808 statui
334 2747 407 2827 post
428 2767 458 2808 ν.
483 2746 554 2809 793.
600 2744 792 2809 Manifestae
815 2746 901 2810 enim
922 2749 1087 2829 praeterea
1109 2769 1181 2810 nar-

53 2853 175 2918 rationis
197 2855 314 2918 turbae
341 2856 417 2918 sunt
438 2854 513 2918 inde
535 2877 554 2918 a
576 2877 606 2918 ν.
631 2855 707 2938 719,
737 2855 764 2918 si
787 2857 935 2920 accurate
959 2859 1182 2939 comparentur

54 2984 79 3024 ν.
101 2965 168 3030 736.
192 2965 267 3030 737.
312 2965 362 3028 Ac
383 2986 441 3047 pro
465 2968 550 3029 certo
573 2964 699 3048 quidem
721 2967 754 3028 et
776 2967 940 3048 explorato
962 2966 1041 3030 illud
1062 2965 1181 3030 haben·

54 3071 119 3136 dum
153 3077 215 3158 est,
255 3073 387 3137 minime
422 3074 459 3137 in
495 3073 636 3139 Caucaso
672 3074 815 3140 vinctum
852 3097 920 3140 esse
956 3075 1183 3141 Prometheum

56 3183 266 3268 Aeschyliurn,
296 3184 352 3248 sed
374 3184 409 3247 in
430 3184 562 3268 rupibus
585 3184 776 3268 Europaeis,
800 3186 841 3249 ad
862 3186 948 3270 ipsos
971 3187 1069 3251 Asiae
1090 3187 1180 3252 fines.

54 3288 165 3358 Deinde
187 3297 249 3358 hoc
264 3297 314 3358 est
334 3293 519 3376 tenendum,
544 3315 615 3358 eum
631 3315 698 3359 esse
713 3318 744 3358 v.
762 3296 823 3360 736
841 3297 1037 3361 narrationis
1053 3319 1180 3380 nexum,

55 3406 84 3464 ut
112 3405 226 3487 palude
255 3404 415 3468 Maeotide
448 3404 590 3488 separari
623 3405 702 3469 Asia
735 3408 768 3468 et
795 3405 925 3490 Europa
953 3408 1136 3492 cogitentur
1163 3429 1182 3470 a

55 3518 152 3593 poeta:
180 3537 317 3601 quocum
341 3515 491 3580 convenit
512 3514 690 3598 Herodoto,
719 3516 773 3600 qui
802 3516 837 3579 in
857 3516 1021 3601 utriusque
1044 3517 1182 3582 confinio

56 3623 179 3688 collocat
211 3625 360 3690 Tanaim.
405 3624 527 3688 Eadem
559 3625 658 3710 igitur
691 3625 782 3708 palus
815 3625 951 3690 Maeotis
982 3627 1183 3712 significatur

55 3751 79 3792 v.
95 3735 152 3798 792
167 3735 248 3801 ὅταν
265 3737 405 3819 περάεῃε
421 3736 549 3815 ῥεῖθρον
564 3736 706 3816 ἠπείρων
723 3736 814 3818 ὅρον,
841 3737 954 3820 quibus
977 3737 1183 3802 continuatur

55 3839 224 3929 interrupta
251 3867 281 3908 v.
312 3845 373 3910 737
402 3845 557 3909 namatio.
612 3845 742 3910 Summa
769 3849 876 3910 autem
902 3869 989 3911 nuno
1015 3849 1183 3933 regionum

56 3955 204 4031 perversio
226 3955 329 4019 oritur
351 3975 402 4037 eo,
427 3955 508 4038 quod
531 3955 617 4038 prius
640 3977 735 4040 quam
756 3959 936 4040 permeatus
958 3957 1001 4022 sit
1023 3956 1182 4041 Bosporus

57 4057 233 4128 Cimmerius
255 4067 351 4150 atque
373 4065 508 4128 Maeotis
535 4065 641 4148 palus,
675 4066 716 4130 ad
739 4065 915 4131 Oeucascuu
936 4068 1129 4150 perventura
1151 4071 1184 4130 et

57 4171 229 4238 Amazonas
250 4175 286 4239 Io
308 4173 435 4239 dicitur.
479 4174 529 4238 Ne
551 4176 621 4260 quis
647 4179 753 4240 autem
776 4177 811 4240 in
833 4175 1025 4240 occidentali
1048 4174 1183 4260 Bospori

57 4277 208 4348 ttmmerii
230 4289 321 4368 parte
343 4283 519 4351 Caucasum
547 4288 580 4349 et
602 4285 785 4352 Colchidem
812 4287 889 4371 poni
917 4286 1104 4352 arbitretur:
1142 4287 1183 4352 ab

58 4389 115 4454 cius
135 4395 222 4458 modi
248 4394 450 4478 ignoratione
476 4395 610 4459 istarum
638 4417 743 4460 rerum
765 4419 829 4460 non
864 4397 968 4480 potuit
995 4401 1090 4481 poeta
1117 4419 1184 4463 non
