2990 5140
274 325 334 387 174
676 341 722 385 nn
745 339 1003 387 s‘ncuonurnm

272 492 326 575 85)
350 491 548 573 Subscriptio
563 491 596 552 in
613 490 821 572 Sophoclis
846 491 952 553 codice
967 491 1183 554 Laurentiano
1196 494 1406 556 vetustissimo

272 601 366 683 (plut.
390 599 515 662 XXXII
539 599 607 662 cod.
631 600 665 683 3)
689 599 773 682 apud
796 598 934 663 Bandiu.
960 599 1062 664 Oatal.
1086 621 1193 684 grace.
1222 601 1254 664 ll
1276 625 1308 684 p.
1333 604 1406 666 132:

271 711 409 789 περιέχει
436 710 455 788 ἡ
492 710 598 788 βίβλοε
630 714 688 773 τοῦ
721 710 925 790 (οφοκλέουε
959 711 1101 788 δράματα
1131 705 1164 776 Ζ’.
1195 716 1326 791 πρῶτον
1354 716 1407 789 μὲν

272 819 349 882 Αίαν
377 819 623 899 μαετιγοφόρον.
652 820 761 899 φύλλα
790 815 835 892 ις’,
864 820 987 899 ετίχουε
1009 819 1098 906 ,αμδῖ
1129 820 1280 900 δεύτερον
1303 823 1408 885 Ἠλέκ-

271 949 349 1008 τραν
371 930 662 1007 ἐπιβουλευομένην
684 931 762 993 κατὰ
784 933 838 1007 τῆε
864 929 989 1008 μητρός.
1019 930 1093 1009 φύλ.
1122 927 1169 1001 ις’.
1197 927 1321 1009 ετίχουε
1344 928 1407 1017 ου’.

270 1039 377 1117 τρίτον
401 1038 554 1103 Οἰδίπουν
576 1039 745 1116 τύραννον.
776 1041 849 1120 φύλ.
878 1035 923 1112 ις’.
953 1039 1025 1117 trix.
1048 1035 1111 1129 ,αξῖ
1138 1040 1292 1118 τέταρτον
1314 1041 1408 1104 Ἀντι-

270 1149 380 1226 γόνην.
404 1149 477 1228 φύλ.
501 1144 546 1212 ιδ’.
569 1148 642 1225 ετίχ.
670 1144 774 1234 ,αρμῑῖ
803 1151 948 1228 πέμπτον
972 1149 1147 1227 Τραχινίαε.
1171 1149 1245 1228 φύλ.
1268 1146 1315 1214 ιδ’.
1338 1150 1410 1229 trix.
1492 1221 1493 1242 ,

270 1252 350 1347 ,αεκῖ
373 1259 465 1322 ἕκτον
488 1259 692 1335 Φιλοκτήτην.
716 1259 790 1337 φύλ.
819 1255 865 1330 ις’.
889 1259 962 1336 ετίχ.
990 1256 1071 1346 ,αυεῖ
1096 1259 1233 1337 ἕβδομον
1257 1259 1409 1325 Οἰδίπουν
1492 1263 1493 1282 ¹

271 1368 328 1430 τόν
351 1367 401 1431 ἐπί
426 1368 574 1451 Κολωνῷ.
599 1367 673 1446 φύλ.
692 1366 725 1430 κ’.
750 1369 822 1447 ετίχ.
845 1363 932 1452 ,αχλ’.
970 1366 1176 1430 Memorabile
1197 1389 1262 1430 non
1285 1390 1351 1431 una
1373 1369 1409 1432 de

272 1499 382 1540 caussa
404 1476 631 1540 testimonium.
670 1475 811 1538 Primum
834 1477 919 1538 enim
949 1476 1062 1538 falsum
1080 1498 1148 1540 esse
1175 1476 1264 1540 illinc
1296 1499 1410 1562 cogno

273 1587 385 1668 scitur,
410 1585 492 1669 quod
515 1586 554 1648 de
570 1585 646 1648 bibl.
664 1585 755 1648 Alex.
773 1609 804 1668 p.
827 1587 887 1648 104
902 1586 1037 1648 diximus
1053 1586 1175 1648 nullum
1199 1567 1410 1666 ετιχομετρίαε

271 1697 450 1778 exemplum
472 1699 596 1758 exstare
619 1695 774 1758 scaenicis
803 1694 905 1777 poetis
928 1694 1102 1758 adhibitae.
1147 1695 1272 1759 Deinde
1301 1700 1410 1760 tenen-

271 1806 360 1885 dum,
389 1805 537 1867 foliorum
566 1805 691 1887 quidem
713 1805 926 1883 notationem,
956 1809 991 1867 ut
1018 1826 1098 1887 quae
1121 1805 1155 1866 in
1177 1805 1332 1868 Bandinii
1362 1806 1409 1870 de-

271 1914 476 1995 scriptionem
509 1914 606 1995 ipsius
634 1914 842 1977 Laurentiani
875 1913 950 1976 libri
982 1915 1060 1977 satis
1093 1914 1227 1996 quadret
1256 1917 1336 1998 (non
1365 1925 1410 1978 est

271 2022 356 2085 enim
385 2045 440 2085 cur
467 2023 601 2106 singulis
629 2023 746 2086 fabulis
774 2025 901 2107 singula
933 2024 1001 2086 fere
1029 2023 1107 2086 folia
1133 2024 1326 2106 interposita
1354 2048 1410 2088 nos

270 2133 462 2214 morentur),
487 2133 528 2194 ab
543 2133 668 2196 novicio
690 2134 821 2196 librario
841 2134 1019 2216 profectam
1034 2154 1117 2214 esse,
1142 2154 1290 2198 versuum
1305 2138 1409 2198 autem

269 2264 416 2304 numeros
450 2263 487 2304 ex
520 2247 645 2305 vetusta
679 2243 830 2305 memoria
867 2247 1071 2328 propagatos.
1126 2242 1211 2306 Nam
1245 2245 1306 2306 etsi
1341 2243 1407 2322 hos,

270 2353 378 2434 quales
405 2351 439 2414 in
473 2352 527 2414 illo
562 2352 668 2415 codice
702 2357 824 2433 essent,
860 2354 1013 2416 adnotare
1043 2352 1220 2416 Bandinius
1255 2354 1406 2437 neglexit,

269 2465 377 2523 tamen
401 2462 615 2524 coniecturam
638 2462 676 2524 de
700 2484 736 2524 ea
752 2484 785 2525 re
808 2462 883 2525 licet
899 2485 937 2526 ex
964 2462 1193 2545 antiquissimis
1216 2463 1406 2526 editionibus
1492 2437 1494 2522 l

270 2592 399 2652 capere,
423 2593 501 2652 quas
523 2571 675 2634 habemus
699 2593 715 2634 e
738 2573 864 2655 scriptis
887 2573 976 2635 libris
992 2594 1167 2655 expressas.
1206 2570 1285 2635 Inde
1304 2579 1408 2635 autem

269 2680 295 2741 si
319 2679 562 2761 proficiscimur,
587 2681 648 2743 dici
672 2683 782 2764 nequit
805 2686 959 2764 quantum
983 2683 1023 2745 ab
1046 2682 1108 2745 ista
1130 2701 1334 2744 numerorum
1356 2703 1406 2743 no

269 2788 391 2851 tatione
419 2810 566 2852 versuum
600 2790 764 2872 discriptio
792 2791 861 2874 ipsa
895 2792 1001 2854 distet.
1053 2790 1169 2865 Quodsi
1203 2791 1292 2853 illam
1324 2791 1405 2854 velut

270 2921 340 2962 cum
363 2898 568 2962 Brunckiano
597 2900 645 2962 vel
669 2899 894 2964 Graisfordiano
918 2901 1061 2984 exemplo
1084 2899 1276 2964 conferimus
1292 2901 1327 2982 (a
1347 2921 1406 2982 quo

268 3030 333 3070 non
362 3009 497 3071 multum
525 3010 722 3092 antiquiora,
753 3015 789 3072 ut
816 3010 1092 3090 Brubaclriamnn,
1121 3009 1310 3092 dissident),
1343 3031 1405 3072 nou

268 3117 361 3179 modo
383 3117 598 3200 discrepantia
614 3124 748 3201 apparet
770 3143 907 3202 summa,
932 3119 1099 3183 sedetiam
1122 3119 1284 3202 proportio
1307 3119 1404 3182 omnis

268 3226 404 3288 sublata.
443 3227 513 3290 Hoc
537 3229 621 3291 enim
644 3229 791 3313 singulae
813 3230 941 3292 salsulae
964 3229 1091 3310 ordine,
1116 3228 1272 3291 ambitum
1292 3228 1318 3290 si
1339 3249 1404 3309 spe·

270 3340 353 3417 ctae,
378 3337 461 3418 apud
486 3338 700 3400 Oaisfordium
724 3360 791 3402 sese
813 3340 990 3421 excipiunt:
1022 3337 1161 3420 Oedipus
1177 3337 1244 3402 Col.
1262 3358 1404 3400 versuum

270 3446 361 3526 1779,
387 3423 526 3528 Oedipus
542 3446 610 3509 Rex
629 3449 726 3529 1531,
751 3448 880 3512 Electra
898 3450 994 3531 1510,
1013 3448 1193 3512 Philocteta
1212 3448 1308 3530 1471,
1324 3447 1403 3510 Aiax

270 3555 361 3634 1420,
386 3555 553 3638 Antigona
578 3557 672 3638 1353,
697 3557 1002 3639 Traclrirriae12803
1025 3559 1085 3621 lroe
1107 3561 1213 3620 autem
1235 3555 1403 3620 secundum

268 3662 477 3726 Laurentiani
492 3667 772 3748 subscriptionem:
797 3666 874 3731 Ocd.
893 3668 959 3732 Ool.
974 3669 1065 3749 1630,
1082 3667 1165 3730 Phil.
1182 3667 1273 3746 1405,
1290 3665 1400 3729 Trach.

223 3783 250 3831 ιι·
271 3771 361 3852 1220,
386 3775 463 3836 Ant.
484 3776 574 3856 1147,
600 3776 677 3839 Oed.
702 3775 741 3838 R.
762 3777 852 3857 1000,
878 3777 929 3840 ai.
957 3777 1051 3859 1044,
1082 3776 1133 3839 ΕΙ.
1160 3777 1252 3840 1040.
1297 3776 1401 3840 Talem

267 3886 373 3945 autem
401 3883 650 3966 discrepantiam
678 3890 811 3967 apparet
833 3909 898 3948 non
926 3909 1017 3969 posse
1039 3887 1104 3949 ullo
1125 3886 1218 3949 modo
1240 3907 1258 3948 e
1283 3885 1400 3948 diversa

267 3993 450 4056 melicorum
476 3995 682 4077 discriptione
705 3995 772 4058 sola
801 3997 918 4077 repeti:
942 3996 1068 4078 quando
1086 3995 1212 4078 quidem
1234 3995 1285 4058 vel
1307 3995 1400 4057 diver-

266 4103 390 4166 biorum
418 4104 451 4166 in
480 4104 667 4187 quibusdam
696 4105 813 4168 fabulis
847 4105 969 4168 numeri
1004 4108 1156 4188 superant
1189 4104 1401 4168 universarum

267 4213 422 4275 ambitum
443 4213 476 4275 in
492 4215 708 4278 Laurentiano
731 4219 886 4278 notatum.
918 4215 1015 4278 Velut
1030 4216 1063 4278 in
1079 4214 1179 4278 Aiace
1194 4212 1401 4277 diverbiorurn

267 4342 375 4386 versus
403 4323 500 4386 habes
532 4325 622 4404 1073,
652 4327 685 4386 in
708 4325 836 4387 Electra
866 4326 955 4395 1225,
988 4325 1069 4387 1213
1097 4324 1131 4386 in
1155 4322 1278 4404 Oedipo
1305 4323 1398 4404 Rege.
