<?xml version="1.0" encoding="UTF-8"?>
<!DOCTYPE html PUBLIC "-//W3C//DTD XHTML 1.0 Transitional//EN"
    "http://www.w3.org/TR/xhtml1/DTD/xhtml1-transitional.dtd">
<html xmlns="http://www.w3.org/1999/xhtml" xml:lang="en" lang="en">
 <head>
  <title>
</title>
<meta http-equiv="Content-Type" content="text/html;charset=utf-8" />
  <meta name='ocr-system' content='tesseract 3.04.00' />
  <meta name='ocr-capabilities' content='ocr_page ocr_carea ocr_par ocr_line ocrx_word'/>
</head>
<body>
  <div class='ocr_page' id='page_1' title='image "./fridericiritsch04ritsgoog_0609.png"; bbox 0 0 2954 5134; ppageno 0'>
   <div class='ocr_carea' id='block_1_1' title="bbox 272 346 1125 411">
    <p class='ocr_par' dir='ltr' id='par_1_1' title="bbox 272 346 1125 411">
     <span class='ocr_line' id='line_1_1' title="bbox 272 346 1125 411; baseline 0 -3"><span class='ocrx_word' id='word_1_1' title='bbox 272 346 335 408; x_wconf 72' lang='lat'>580</span> <span class='ocrx_word' id='word_1_2' title='bbox 558 362 818 411; x_wconf 80' lang='lat' dir='ltr'>aroaronosrvn</span> <span class='ocrx_word' id='word_1_3' title='bbox 843 362 1125 410; x_wconf 82' lang='lat' dir='ltr'>vrrnoaonanss.</span> 
     </span>
    </p>
   </div>
   <div class='ocr_carea' id='block_1_2' title="bbox 272 515 1474 3123">
    <p class='ocr_par' dir='ltr' id='par_1_2' title="bbox 272 515 1474 3123">
     <span class='ocr_line' id='line_1_2' title="bbox 273 515 1383 598; baseline -0.002 -22"><span class='ocrx_word' id='word_1_4' title='bbox 273 537 310 576; x_wconf 90' lang='lat' dir='ltr'>ea</span> <span class='ocrx_word' id='word_1_5' title='bbox 334 515 607 597; x_wconf 71' lang='lat' dir='ltr'>apophthegmata</span> <span class='ocrx_word' id='word_1_6' title='bbox 630 515 789 598; x_wconf 76' lang='lat' dir='ltr'>dixerunt,</span> <span class='ocrx_word' id='word_1_7' title='bbox 817 537 948 598; x_wconf 87' lang='lat' dir='ltr'>quorum</span> <span class='ocrx_word' id='word_1_8' title='bbox 970 515 1019 578; x_wconf 89' lang='lat' dir='ltr'>vis</span> <span class='ocrx_word' id='word_1_9' title='bbox 1041 515 1075 577; x_wconf 93' lang='lat' dir='ltr'>in</span> <span class='ocrx_word' id='word_1_10' title='bbox 1099 518 1279 596; x_wconf 89' lang='lat' dir='ltr'>comparata</span> <span class='ocrx_word' id='word_1_11' title='bbox 1299 533 1383 576; x_wconf 88' lang='lat' dir='ltr'>rerum</span> 
     </span>
     <span class='ocr_line' id='line_1_3' title="bbox 273 623 1385 708; baseline -0.002 -22"><span class='ocrx_word' id='word_1_12' title='bbox 273 623 480 687; x_wconf 83' lang='lat' dir='ltr'>similitudine</span> <span class='ocrx_word' id='word_1_13' title='bbox 504 625 659 687; x_wconf 89' lang='lat' dir='ltr'>cernitm·:</span> <span class='ocrx_word' id='word_1_14' title='bbox 689 645 768 708; x_wconf 89' lang='lat' dir='ltr'>qnae</span> <span class='ocrx_word' id='word_1_15' title='bbox 791 625 938 703; x_wconf 81' lang='grc' dir='ltr'>ὁμοίωτι(</span> <span class='ocrx_word' id='word_1_16' title='bbox 961 624 1025 688; x_wconf 86' lang='lat' dir='ltr'>diei</span> <span class='ocrx_word' id='word_1_17' title='bbox 1047 624 1087 687; x_wconf 91' lang='lat' dir='ltr'>ab</span> <span class='ocrx_word' id='word_1_18' title='bbox 1111 624 1227 686; x_wconf 90' lang='lat' dir='ltr'>artium</span> <span class='ocrx_word' id='word_1_19' title='bbox 1248 623 1385 705; x_wconf 87' lang='lat' dir='ltr'>scriptori·</span> 
     </span>
     <span class='ocr_line' id='line_1_4' title="bbox 274 732 1387 817; baseline -0.002 -21"><span class='ocrx_word' id='word_1_20' title='bbox 274 733 331 796; x_wconf 92' lang='lat' dir='ltr'>bus</span> <span class='ocrx_word' id='word_1_21' title='bbox 355 733 450 816; x_wconf 88' lang='lat' dir='ltr'>solet,</span> <span class='ocrx_word' id='word_1_22' title='bbox 480 737 516 796; x_wconf 93' lang='lat' dir='ltr'>ut</span> <span class='ocrx_word' id='word_1_23' title='bbox 539 733 579 796; x_wconf 91' lang='lat' dir='ltr'>ab</span> <span class='ocrx_word' id='word_1_24' title='bbox 602 734 682 796; x_wconf 91' lang='lat' dir='ltr'>lulio</span> <span class='ocrx_word' id='word_1_25' title='bbox 706 733 878 797; x_wconf 83' lang='lat' dir='ltr'>Rufiniano</span> <span class='ocrx_word' id='word_1_26' title='bbox 905 757 937 817; x_wconf 90' lang='lat' dir='ltr'>p.</span> <span class='ocrx_word' id='word_1_27' title='bbox 961 735 1022 798; x_wconf 77' lang='lat'>213</span> <span class='ocrx_word' id='word_1_28' title='bbox 1050 732 1180 796; x_wconf 85' lang='lat' dir='ltr'>Ruhnh.</span> <span class='ocrx_word' id='word_1_29' title='bbox 1209 734 1387 812; x_wconf 87' lang='grc' dir='ltr'>Όμοιώματα</span> 
     </span>
     <span class='ocr_line' id='line_1_5' title="bbox 272 841 1387 927; baseline -0.003 -22"><span class='ocrx_word' id='word_1_30' title='bbox 272 842 371 926; x_wconf 86' lang='lat' dir='ltr'>igitur</span> <span class='ocrx_word' id='word_1_31' title='bbox 395 865 432 906; x_wconf 88' lang='lat' dir='ltr'>ex</span> <span class='ocrx_word' id='word_1_32' title='bbox 455 844 573 906; x_wconf 89' lang='lat' dir='ltr'>nostris</span> <span class='ocrx_word' id='word_1_33' title='bbox 596 844 683 906; x_wconf 88' lang='lat' dir='ltr'>velut</span> <span class='ocrx_word' id='word_1_34' title='bbox 704 844 759 906; x_wconf 90' lang='lat' dir='ltr'>illa</span> <span class='ocrx_word' id='word_1_35' title='bbox 783 849 858 907; x_wconf 88' lang='lat' dir='ltr'>sunt</span> <span class='ocrx_word' id='word_1_36' title='bbox 879 866 959 927; x_wconf 87' lang='lat' dir='ltr'>quae</span> <span class='ocrx_word' id='word_1_37' title='bbox 976 843 1120 908; x_wconf 83' lang='lat' dir='ltr'>Secundo</span> <span class='ocrx_word' id='word_1_38' title='bbox 1143 841 1325 926; x_wconf 89' lang='lat' dir='ltr'>philosopho</span> <span class='ocrx_word' id='word_1_39' title='bbox 1344 842 1387 902; x_wconf 86' lang='lat' dir='ltr'>tri-</span> 
     </span>
     <span class='ocr_line' id='line_1_6' title="bbox 273 952 1388 1036; baseline -0.004 -21"><span class='ocrx_word' id='word_1_40' title='bbox 273 954 413 1016; x_wconf 90' lang='lat' dir='ltr'>buuntur</span> <span class='ocrx_word' id='word_1_41' title='bbox 439 954 478 1016; x_wconf 87' lang='lat' dir='ltr'>de</span> <span class='ocrx_word' id='word_1_42' title='bbox 507 954 690 1017; x_wconf 86' lang='lat' dir='ltr'>mulieribus</span> <span class='ocrx_word' id='word_1_43' title='bbox 719 954 804 1017; x_wconf 88' lang='lat' dir='ltr'>dicta</span> <span class='ocrx_word' id='word_1_44' title='bbox 832 953 882 1016; x_wconf 91' lang='lat' dir='ltr'>vel</span> <span class='ocrx_word' id='word_1_45' title='bbox 905 954 1009 1036; x_wconf 88' lang='lat' dir='ltr'>potius</span> <span class='ocrx_word' id='word_1_46' title='bbox 1032 953 1218 1036; x_wconf 88' lang='lat' dir='ltr'>maledieta,</span> <span class='ocrx_word' id='word_1_47' title='bbox 1251 952 1298 1014; x_wconf 84' lang='lat' dir='ltr'>rel</span> <span class='ocrx_word' id='word_1_48' title='bbox 1323 971 1388 1034; x_wconf 85' lang='lat' dir='ltr'>quae</span> 
     </span>
     <span class='ocr_line' id='line_1_7' title="bbox 272 1061 1389 1147; baseline -0.004 -22"><span class='ocrx_word' id='word_1_49' title='bbox 272 1063 311 1126; x_wconf 87' lang='lat' dir='ltr'>de</span> <span class='ocrx_word' id='word_1_50' title='bbox 334 1064 440 1147; x_wconf 86' lang='lat' dir='ltr'>legum</span> <span class='ocrx_word' id='word_1_51' title='bbox 463 1064 682 1127; x_wconf 75' lang='lat' dir='ltr'>imbecillitate</span> <span class='ocrx_word' id='word_1_52' title='bbox 705 1068 891 1127; x_wconf 89' lang='lat' dir='ltr'>narrantur:</span> <span class='ocrx_word' id='word_1_53' title='bbox 915 1062 969 1126; x_wconf 87' lang='lat' dir='ltr'>sed</span> <span class='ocrx_word' id='word_1_54' title='bbox 992 1063 1137 1128; x_wconf 87' lang='lat' dir='ltr'>breviora</span> <span class='ocrx_word' id='word_1_55' title='bbox 1160 1084 1291 1147; x_wconf 85' lang='lat' dir='ltr'>quoque,</span> <span class='ocrx_word' id='word_1_56' title='bbox 1313 1061 1389 1143; x_wconf 85' lang='lat' dir='ltr'>quale</span> 
     </span>
     <span class='ocr_line' id='line_1_8' title="bbox 273 1172 1391 1255; baseline -0.003 -20"><span class='ocrx_word' id='word_1_57' title='bbox 273 1195 300 1236; x_wconf 86' lang='lat' dir='ltr'>e.</span> <span class='ocrx_word' id='word_1_58' title='bbox 326 1196 351 1236; x_wconf 85' lang='lat' dir='ltr'>c.</span> <span class='ocrx_word' id='word_1_59' title='bbox 376 1173 436 1237; x_wconf 88' lang='lat' dir='ltr'>hoc</span> <span class='ocrx_word' id='word_1_60' title='bbox 459 1178 522 1237; x_wconf 85' lang='lat' dir='ltr'>est:</span> <span class='ocrx_word' id='word_1_61' title='bbox 557 1176 586 1238; x_wconf 82' lang='lat' dir='ltr'>ot</span> <span class='ocrx_word' id='word_1_62' title='bbox 609 1178 666 1253; x_wconf 81' lang='grc' dir='ltr'>μὲν</span> <span class='ocrx_word' id='word_1_63' title='bbox 689 1179 814 1255; x_wconf 79' lang='grc' dir='ltr'>τραχεῖ(</span> <span class='ocrx_word' id='word_1_64' title='bbox 836 1175 929 1239; x_wconf 85' lang='grc' dir='ltr'>ἵπποι</span> <span class='ocrx_word' id='word_1_65' title='bbox 951 1178 1019 1239; x_wconf 86' lang='grc' dir='ltr'>τοῑτ</span> <span class='ocrx_word' id='word_1_66' title='bbox 1041 1177 1195 1254; x_wconf 69' lang='grc' dir='ltr'>χαλινοῖς,</span> <span class='ocrx_word' id='word_1_67' title='bbox 1218 1174 1248 1236; x_wconf 84' lang='grc' dir='ltr'>οἱ</span> <span class='ocrx_word' id='word_1_68' title='bbox 1268 1175 1302 1237; x_wconf 82' lang='grc' dir='ltr'>δὲ</span> <span class='ocrx_word' id='word_1_69' title='bbox 1322 1172 1391 1235; x_wconf 65' lang='lat' dir='ltr'>oseis</span> 
     </span>
     <span class='ocr_line' id='line_1_9' title="bbox 272 1279 1390 1367; baseline -0.006 -20"><span class='ocrx_word' id='word_1_70' title='bbox 272 1287 363 1362; x_wconf 83' lang='grc' dir='ltr'>θυμοὶ</span> <span class='ocrx_word' id='word_1_71' title='bbox 392 1289 458 1348; x_wconf 74' lang='lat' dir='ltr'>rote</span> <span class='ocrx_word' id='word_1_72' title='bbox 487 1285 594 1360; x_wconf 79' lang='grc' dir='ltr'>λόγοι(</span> <span class='ocrx_word' id='word_1_73' title='bbox 627 1288 748 1349; x_wconf 85' lang='grc' dir='ltr'>ὁοῦλοι.</span> <span class='ocrx_word' id='word_1_74' title='bbox 794 1285 905 1367; x_wconf 88' lang='lat' dir='ltr'>ltaque</span> <span class='ocrx_word' id='word_1_75' title='bbox 937 1285 1080 1361; x_wconf 86' lang='grc' dir='ltr'>γνωμικὰ</span> <span class='ocrx_word' id='word_1_76' title='bbox 1113 1283 1297 1362; x_wconf 83' lang='grc' dir='ltr'>ὁμοιώματα</span> <span class='ocrx_word' id='word_1_77' title='bbox 1325 1279 1390 1343; x_wconf 80' lang='lat' dir='ltr'>dixit</span> 
     </span>
     <span class='ocr_line' id='line_1_10' title="bbox 272 1390 1391 1476; baseline -0.003 -22"><span class='ocrx_word' id='word_1_78' title='bbox 272 1393 466 1456; x_wconf 79' lang='lat' dir='ltr'>lamblichus</span> <span class='ocrx_word' id='word_1_79' title='bbox 489 1393 625 1457; x_wconf 83' lang='lat' dir='ltr'>Adhort.</span> <span class='ocrx_word' id='word_1_80' title='bbox 650 1395 690 1456; x_wconf 90' lang='lat' dir='ltr'>ad</span> <span class='ocrx_word' id='word_1_81' title='bbox 713 1394 828 1476; x_wconf 90' lang='lat' dir='ltr'>philos.</span> <span class='ocrx_word' id='word_1_82' title='bbox 853 1394 923 1457; x_wconf 71' lang='grc' dir='ltr'>οἳ</span> <span class='ocrx_word' id='word_1_83' title='bbox 951 1397 1031 1456; x_wconf 81' lang='lat' dir='ltr'>extr.</span> <span class='ocrx_word' id='word_1_84' title='bbox 1056 1416 1087 1476; x_wconf 87' lang='lat' dir='ltr'>p.</span> <span class='ocrx_word' id='word_1_85' title='bbox 1110 1393 1153 1457; x_wconf 76' lang='lat'>20</span> <span class='ocrx_word' id='word_1_86' title='bbox 1173 1391 1289 1455; x_wconf 86' lang='lat' dir='ltr'>Kiessl.</span> <span class='ocrx_word' id='word_1_87' title='bbox 1327 1390 1391 1454; x_wconf 85' lang='lat' dir='ltr'>Eius</span> 
     </span>
     <span class='ocr_line' id='line_1_11' title="bbox 272 1494 1390 1586; baseline -0.003 -22"><span class='ocrx_word' id='word_1_88' title='bbox 272 1503 356 1565; x_wconf 93' lang='lat' dir='ltr'>modi</span> <span class='ocrx_word' id='word_1_89' title='bbox 385 1503 484 1586; x_wconf 82' lang='lat' dir='ltr'>igitur</span> <span class='ocrx_word' id='word_1_90' title='bbox 512 1503 717 1566; x_wconf 87' lang='lat' dir='ltr'>Aristonis</span> <span class='ocrx_word' id='word_1_91' title='bbox 747 1505 931 1583; x_wconf 85' lang='grc' dir='ltr'>ὁμοιώματα</span> <span class='ocrx_word' id='word_1_92' title='bbox 958 1507 1085 1586; x_wconf 88' lang='lat' dir='ltr'>praesto</span> <span class='ocrx_word' id='word_1_93' title='bbox 1108 1494 1239 1566; x_wconf 80' lang='lat' dir='ltr'>fuerunt</span> <span class='ocrx_word' id='word_1_94' title='bbox 1261 1500 1390 1565; x_wconf 67' lang='lat' dir='ltr'>Stobos).</span> 
     </span>
     <span class='ocr_line' id='line_1_12' title="bbox 273 1611 1392 1696; baseline -0.004 -21"><span class='ocrx_word' id='word_1_95' title='bbox 273 1611 351 1675; x_wconf 79' lang='lat' dir='ltr'>Cum</span> <span class='ocrx_word' id='word_1_96' title='bbox 374 1614 486 1694; x_wconf 88' lang='lat' dir='ltr'>quibus</span> <span class='ocrx_word' id='word_1_97' title='bbox 508 1618 618 1676; x_wconf 88' lang='lat' dir='ltr'>tamen</span> <span class='ocrx_word' id='word_1_98' title='bbox 640 1613 721 1676; x_wconf 91' lang='lat' dir='ltr'>nihil</span> <span class='ocrx_word' id='word_1_99' title='bbox 745 1636 911 1677; x_wconf 84' lang='lat' dir='ltr'>commune</span> <span class='ocrx_word' id='word_1_100' title='bbox 939 1613 1002 1676; x_wconf 91' lang='lat' dir='ltr'>fuit</span> <span class='ocrx_word' id='word_1_101' title='bbox 1022 1613 1072 1676; x_wconf 85' lang='lat' dir='ltr'>vel</span> <span class='ocrx_word' id='word_1_102' title='bbox 1096 1611 1265 1696; x_wconf 84' lang='lat' dir='ltr'>Speusippi</span> <span class='ocrx_word' id='word_1_103' title='bbox 1288 1613 1392 1690; x_wconf 87' lang='grc' dir='ltr'>ὁμοίοιι</span> 
     </span>
     <span class='ocr_line' id='line_1_13' title="bbox 274 1721 1392 1806; baseline -0.004 -22"><span class='ocrx_word' id='word_1_104' title='bbox 274 1723 321 1784; x_wconf 85' lang='lat' dir='ltr'>vel</span> <span class='ocrx_word' id='word_1_105' title='bbox 346 1723 485 1784; x_wconf 88' lang='lat' dir='ltr'>ciusdem</span> <span class='ocrx_word' id='word_1_106' title='bbox 514 1723 598 1786; x_wconf 89' lang='lat' dir='ltr'>illius</span> <span class='ocrx_word' id='word_1_107' title='bbox 627 1723 788 1786; x_wconf 89' lang='lat' dir='ltr'>Aristonis</span> <span class='ocrx_word' id='word_1_108' title='bbox 818 1723 873 1788; x_wconf 85' lang='lat' dir='ltr'>Cei</span> <span class='ocrx_word' id='word_1_109' title='bbox 897 1724 1019 1802; x_wconf 82' lang='grc' dir='ltr'>ὁμοίοι(</span> <span class='ocrx_word' id='word_1_110' title='bbox 1047 1723 1263 1806; x_wconf 51' lang='lat' dir='ltr'>spatiumst),</span> <span class='ocrx_word' id='word_1_111' title='bbox 1297 1721 1392 1804; x_wconf 82' lang='lat' dir='ltr'>quibus</span> 
     </span>
     <span class='ocr_line' id='line_1_14' title="bbox 274 1803 1393 1917; baseline -0.002 -24"><span class='ocrx_word' id='word_1_112' title='bbox 274 1830 459 1894; x_wconf 84' lang='lat' dir='ltr'>Athenaeus</span> <span class='ocrx_word' id='word_1_113' title='bbox 484 1855 573 1895; x_wconf 89' lang='lat' dir='ltr'>usus:</span> <span class='ocrx_word' id='word_1_114' title='bbox 610 1833 737 1895; x_wconf 83' lang='lat' dir='ltr'>tametsi</span> <span class='ocrx_word' id='word_1_115' title='bbox 765 1834 878 1912; x_wconf 85' lang='grc' dir='ltr'>ὅμοιον</span> <span class='ocrx_word' id='word_1_116' title='bbox 902 1803 1024 1917; x_wconf 83' lang='lat' dir='ltr'>qudque</span> <span class='ocrx_word' id='word_1_117' title='bbox 1047 1833 1080 1896; x_wconf 92' lang='lat' dir='ltr'>in</span> <span class='ocrx_word' id='word_1_118' title='bbox 1103 1833 1215 1916; x_wconf 87' lang='lat' dir='ltr'>figuris</span> <span class='ocrx_word' id='word_1_119' title='bbox 1238 1830 1393 1895; x_wconf 87' lang='lat' dir='ltr'>sententia·</span> 
     </span>
     <span class='ocr_line' id='line_1_15' title="bbox 274 1942 1392 2026; baseline -0.002 -24"><span class='ocrx_word' id='word_1_120' title='bbox 274 1962 342 2003; x_wconf 89' lang='lat' dir='ltr'>rum</span> <span class='ocrx_word' id='word_1_121' title='bbox 365 1946 398 2004; x_wconf 89' lang='lat' dir='ltr'>et</span> <span class='ocrx_word' id='word_1_122' title='bbox 421 1942 608 2005; x_wconf 79' lang='lat' dir='ltr'>elocutionis</span> <span class='ocrx_word' id='word_1_123' title='bbox 625 1942 816 2005; x_wconf 81' lang='lat' dir='ltr'>Rufinianus</span> <span class='ocrx_word' id='word_1_124' title='bbox 838 1947 984 2006; x_wconf 83' lang='lat' dir='ltr'>recenset</span> <span class='ocrx_word' id='word_1_125' title='bbox 1006 1966 1038 2025; x_wconf 92' lang='lat' dir='ltr'>p.</span> <span class='ocrx_word' id='word_1_126' title='bbox 1055 1942 1118 2005; x_wconf 79' lang='lat'>214</span> <span class='ocrx_word' id='word_1_127' title='bbox 1140 1943 1271 2026; x_wconf 86' lang='lat' dir='ltr'>ipsoque</span> <span class='ocrx_word' id='word_1_128' title='bbox 1293 1942 1392 2020; x_wconf 86' lang='grc' dir='ltr'>ὁμοιο</span> 
     </span>
     <span class='ocr_line' id='line_1_16' title="bbox 272 2051 1391 2136; baseline 0 -24"><span class='ocrx_word' id='word_1_129' title='bbox 272 2051 401 2113; x_wconf 90' lang='lat' dir='ltr'>nomine</span> <span class='ocrx_word' id='word_1_130' title='bbox 440 2074 529 2114; x_wconf 90' lang='lat' dir='ltr'>snam</span> <span class='ocrx_word' id='word_1_131' title='bbox 569 2052 788 2115; x_wconf 86' lang='lat' dir='ltr'>collectionem</span> <span class='ocrx_word' id='word_1_132' title='bbox 834 2052 1066 2116; x_wconf 86' lang='lat' dir='ltr'>sententiarum</span> <span class='ocrx_word' id='word_1_133' title='bbox 1111 2051 1391 2136; x_wconf 80' lang='lat' dir='ltr'>Pythagoricorum,</span> 
     </span>
     <span class='ocr_line' id='line_1_17' title="bbox 273 2160 1392 2243; baseline -0.002 -21"><span class='ocrx_word' id='word_1_134' title='bbox 273 2161 487 2242; x_wconf 83' lang='lat' dir='ltr'>exemplorum</span> <span class='ocrx_word' id='word_1_135' title='bbox 511 2162 576 2224; x_wconf 91' lang='lat' dir='ltr'>sive</span> <span class='ocrx_word' id='word_1_136' title='bbox 600 2162 844 2224; x_wconf 87' lang='lat' dir='ltr'>similitudinum</span> <span class='ocrx_word' id='word_1_137' title='bbox 872 2162 906 2224; x_wconf 94' lang='lat' dir='ltr'>in</span> <span class='ocrx_word' id='word_1_138' title='bbox 932 2162 1069 2226; x_wconf 87' lang='lat' dir='ltr'>formam</span> <span class='ocrx_word' id='word_1_139' title='bbox 1095 2161 1312 2243; x_wconf 67' lang='lat' dir='ltr'>reclamatum,</span> <span class='ocrx_word' id='word_1_140' title='bbox 1339 2160 1392 2223; x_wconf 77' lang='lat' dir='ltr'>De</span> 
     </span>
     <span class='ocr_line' id='line_1_18' title="bbox 273 2270 1392 2355; baseline -0.001 -23"><span class='ocrx_word' id='word_1_141' title='bbox 273 2270 472 2352; x_wconf 89' lang='lat' dir='ltr'>mophilus</span> <span class='ocrx_word' id='word_1_142' title='bbox 507 2271 560 2333; x_wconf 90' lang='lat' dir='ltr'>ille</span> <span class='ocrx_word' id='word_1_143' title='bbox 588 2271 767 2354; x_wconf 86' lang='lat' dir='ltr'>inscripsit,</span> <span class='ocrx_word' id='word_1_144' title='bbox 802 2272 840 2335; x_wconf 92' lang='lat' dir='ltr'>de</span> <span class='ocrx_word' id='word_1_145' title='bbox 875 2295 935 2355; x_wconf 89' lang='lat' dir='ltr'>qno</span> <span class='ocrx_word' id='word_1_146' title='bbox 969 2271 1122 2335; x_wconf 88' lang='lat' dir='ltr'>ridendus</span> <span class='ocrx_word' id='word_1_147' title='bbox 1149 2271 1287 2336; x_wconf 89' lang='lat' dir='ltr'>Orellius</span> <span class='ocrx_word' id='word_1_148' title='bbox 1320 2292 1392 2354; x_wconf 82' lang='lat' dir='ltr'>prae·</span> 
     </span>
     <span class='ocr_line' id='line_1_19' title="bbox 273 2381 1393 2466; baseline -0.001 -25"><span class='ocrx_word' id='word_1_149' title='bbox 273 2381 395 2443; x_wconf 84' lang='lat' dir='ltr'>tatione</span> <span class='ocrx_word' id='word_1_150' title='bbox 424 2381 484 2444; x_wconf 87' lang='lat' dir='ltr'>vol.</span> <span class='ocrx_word' id='word_1_151' title='bbox 509 2381 524 2443; x_wconf 93' lang='lat' dir='ltr'>l</span> <span class='ocrx_word' id='word_1_152' title='bbox 553 2405 583 2464; x_wconf 91' lang='lat' dir='ltr'>p.</span> <span class='ocrx_word' id='word_1_153' title='bbox 608 2381 680 2443; x_wconf 81' lang='lat' dir='ltr'>Vll.</span> <span class='ocrx_word' id='word_1_154' title='bbox 727 2381 892 2445; x_wconf 90' lang='lat' dir='ltr'>Postremo</span> <span class='ocrx_word' id='word_1_155' title='bbox 919 2405 984 2446; x_wconf 91' lang='lat' dir='ltr'>non</span> <span class='ocrx_word' id='word_1_156' title='bbox 1013 2386 1088 2445; x_wconf 90' lang='lat' dir='ltr'>sunt</span> <span class='ocrx_word' id='word_1_157' title='bbox 1115 2382 1245 2446; x_wconf 88' lang='lat' dir='ltr'>silentio</span> <span class='ocrx_word' id='word_1_158' title='bbox 1272 2387 1393 2466; x_wconf 80' lang='lat' dir='ltr'>praeter-</span> 
     </span>
     <span class='ocr_line' id='line_1_20' title="bbox 273 2483 1474 2574; baseline 0.002 -22"><span class='ocrx_word' id='word_1_159' title='bbox 273 2490 429 2553; x_wconf 90' lang='lat' dir='ltr'>mittenda</span> <span class='ocrx_word' id='word_1_160' title='bbox 457 2491 704 2574; x_wconf 84' lang='lat' dir='ltr'>Aristonyrni</span> <span class='ocrx_word' id='word_1_161' title='bbox 727 2493 835 2554; x_wconf 88' lang='lat' dir='ltr'>nescio</span> <span class='ocrx_word' id='word_1_162' title='bbox 863 2493 951 2555; x_wconf 87' lang='lat' dir='ltr'>cuius</span> <span class='ocrx_word' id='word_1_163' title='bbox 973 2492 1203 2556; x_wconf 89' lang='lat' dir='ltr'>commentaria</span> <span class='ocrx_word' id='word_1_164' title='bbox 1231 2492 1281 2556; x_wconf 87' lang='lat' dir='ltr'>vel</span> <span class='ocrx_word' id='word_1_165' title='bbox 1307 2492 1393 2574; x_wconf 76' lang='lat' dir='ltr'>potius</span> <span class='ocrx_word' id='word_1_166' title='bbox 1473 2483 1474 2555; x_wconf 92' lang='grc'>1</span> 
     </span>
     <span class='ocr_line' id='line_1_21' title="bbox 274 2601 1392 2686; baseline 0.001 -24"><span class='ocrx_word' id='word_1_167' title='bbox 274 2601 551 2683; x_wconf 78' lang='lat' dir='ltr'>commentariola,</span> <span class='ocrx_word' id='word_1_168' title='bbox 581 2623 661 2684; x_wconf 79' lang='lat' dir='ltr'>(prae</span> <span class='ocrx_word' id='word_1_169' title='bbox 684 2603 818 2680; x_wconf 88' lang='grc' dir='ltr'>τομάρια</span> <span class='ocrx_word' id='word_1_170' title='bbox 840 2601 1019 2684; x_wconf 84' lang='lat' dir='ltr'>inscripsit:</span> <span class='ocrx_word' id='word_1_171' title='bbox 1050 2602 1203 2686; x_wconf 90' lang='lat' dir='ltr'>equibus</span> <span class='ocrx_word' id='word_1_172' title='bbox 1233 2625 1304 2666; x_wconf 88' lang='lat' dir='ltr'>cum</span> <span class='ocrx_word' id='word_1_173' title='bbox 1329 2603 1392 2664; x_wconf 84' lang='lat' dir='ltr'>duo·</span> 
     </span>
     <span class='ocr_line' id='line_1_22' title="bbox 273 2710 1394 2791; baseline -0.003 -19"><span class='ocrx_word' id='word_1_174' title='bbox 273 2712 437 2790; x_wconf 83' lang='grc' dir='ltr'>φθέγματα</span> <span class='ocrx_word' id='word_1_175' title='bbox 460 2714 526 2772; x_wconf 88' lang='lat' dir='ltr'>tum</span> <span class='ocrx_word' id='word_1_176' title='bbox 542 2713 671 2788; x_wconf 80' lang='grc' dir='ltr'>γνώμα(</span> <span class='ocrx_word' id='word_1_177' title='bbox 694 2715 761 2774; x_wconf 88' lang='lat' dir='ltr'>turn</span> <span class='ocrx_word' id='word_1_178' title='bbox 785 2713 969 2791; x_wconf 85' lang='grc' dir='ltr'>ὁμοιώματα</span> <span class='ocrx_word' id='word_1_179' title='bbox 985 2710 1140 2776; x_wconf 82' lang='lat' dir='ltr'>Stobaeus</span> <span class='ocrx_word' id='word_1_180' title='bbox 1156 2713 1190 2776; x_wconf 94' lang='lat' dir='ltr'>in</span> <span class='ocrx_word' id='word_1_181' title='bbox 1206 2711 1394 2776; x_wconf 75' lang='lat' dir='ltr'>Sermonibus</span> 
     </span>
     <span class='ocr_line' id='line_1_23' title="bbox 274 2819 1472 2906; baseline 0 -25"><span class='ocrx_word' id='word_1_182' title='bbox 274 2819 434 2882; x_wconf 85' lang='lat' dir='ltr'>excitarit.</span> <span class='ocrx_word' id='word_1_183' title='bbox 472 2819 561 2883; x_wconf 80' lang='lat' dir='ltr'>Dixit</span> <span class='ocrx_word' id='word_1_184' title='bbox 589 2821 627 2883; x_wconf 93' lang='lat' dir='ltr'>de</span> <span class='ocrx_word' id='word_1_185' title='bbox 649 2821 694 2884; x_wconf 89' lang='lat' dir='ltr'>eis</span> <span class='ocrx_word' id='word_1_186' title='bbox 716 2821 881 2884; x_wconf 81' lang='lat' dir='ltr'>Heerenus</span> <span class='ocrx_word' id='word_1_187' title='bbox 905 2822 938 2885; x_wconf 89' lang='lat' dir='ltr'>in</span> <span class='ocrx_word' id='word_1_188' title='bbox 961 2821 1049 2885; x_wconf 77' lang='lat' dir='ltr'>stob.</span> <span class='ocrx_word' id='word_1_189' title='bbox 1073 2822 1143 2887; x_wconf 82' lang='lat' dir='ltr'>Ecl.</span> <span class='ocrx_word' id='word_1_190' title='bbox 1166 2821 1215 2905; x_wconf 88' lang='lat' dir='ltr'>Il,</span> <span class='ocrx_word' id='word_1_191' title='bbox 1239 2824 1260 2885; x_wconf 72' lang='lat'><em>2</em></span> <span class='ocrx_word' id='word_1_192' title='bbox 1285 2845 1315 2906; x_wconf 91' lang='lat' dir='ltr'>p.</span> <span class='ocrx_word' id='word_1_193' title='bbox 1338 2822 1392 2884; x_wconf 68' lang='grc'><strong>1111</strong></span> <span class='ocrx_word' id='word_1_194' title='bbox 1471 2869 1472 2882; x_wconf 71' lang='lat'>.</span> 
     </span>
     <span class='ocr_line' id='line_1_24' title="bbox 274 2929 1395 3013; baseline -0.003 -21"><span class='ocrx_word' id='word_1_195' title='bbox 274 2929 358 2992; x_wconf 85' lang='lat' dir='ltr'>Satis</span> <span class='ocrx_word' id='word_1_196' title='bbox 386 2929 498 2992; x_wconf 86' lang='lat' dir='ltr'>leviter</span> <span class='ocrx_word' id='word_1_197' title='bbox 528 2935 633 2993; x_wconf 89' lang='lat' dir='ltr'>autem</span> <span class='ocrx_word' id='word_1_198' title='bbox 662 2935 694 2993; x_wconf 91' lang='lat' dir='ltr'>et</span> <span class='ocrx_word' id='word_1_199' title='bbox 721 2953 848 3013; x_wconf 79' lang='lat' dir='ltr'>prorsus</span> <span class='ocrx_word' id='word_1_200' title='bbox 877 2932 1033 2994; x_wconf 87' lang='lat' dir='ltr'>arbitratu</span> <span class='ocrx_word' id='word_1_201' title='bbox 1060 2953 1116 2994; x_wconf 92' lang='lat' dir='ltr'>suo</span> <span class='ocrx_word' id='word_1_202' title='bbox 1139 2931 1281 2996; x_wconf 85' lang='lat' dir='ltr'>Orellius</span> <span class='ocrx_word' id='word_1_203' title='bbox 1303 2929 1395 2995; x_wconf 83' lang='lat' dir='ltr'>erbis</span> 
     </span>
     <span class='ocr_line' id='line_1_25' title="bbox 273 3039 1393 3123; baseline -0.003 -23"><span class='ocrx_word' id='word_1_204' title='bbox 273 3039 349 3121; x_wconf 85' lang='lat' dir='ltr'>ipsis</span> <span class='ocrx_word' id='word_1_205' title='bbox 372 3041 515 3102; x_wconf 89' lang='lat' dir='ltr'>tomariis</span> <span class='ocrx_word' id='word_1_206' title='bbox 538 3040 664 3103; x_wconf 83' lang='lat' dir='ltr'>fluxisse</span> <span class='ocrx_word' id='word_1_207' title='bbox 687 3041 870 3123; x_wconf 84' lang='lat' dir='ltr'>Demophili</span> <span class='ocrx_word' id='word_1_208' title='bbox 896 3041 984 3104; x_wconf 90' lang='lat' dir='ltr'>illam</span> <span class='ocrx_word' id='word_1_209' title='bbox 1014 3042 1236 3105; x_wconf 85' lang='lat' dir='ltr'>collectionem</span> <span class='ocrx_word' id='word_1_210' title='bbox 1266 3040 1393 3106; x_wconf 81' lang='lat' dir='ltr'>coniecit.</span> 
     </span>
    </p>
   </div>
   <div class='ocr_carea' id='block_1_3' title="bbox 274 3148 1471 3784">
    <p class='ocr_par' dir='ltr' id='par_1_3' title="bbox 274 3148 1471 3784">
     <span class='ocr_line' id='line_1_26' title="bbox 358 3148 1471 3235; baseline -0.001 -25"><span class='ocrx_word' id='word_1_211' title='bbox 358 3148 415 3210; x_wconf 89' lang='lat' dir='ltr'>Rei</span> <span class='ocrx_word' id='word_1_212' title='bbox 441 3172 596 3211; x_wconf 88' lang='lat' dir='ltr'>summam</span> <span class='ocrx_word' id='word_1_213' title='bbox 618 3151 878 3232; x_wconf 77' lang='lat' dir='ltr'>perstrinximus:</span> <span class='ocrx_word' id='word_1_214' title='bbox 901 3152 1002 3214; x_wconf 73' lang='lat' dir='ltr'>mrdta</span> <span class='ocrx_word' id='word_1_215' title='bbox 1017 3155 1151 3233; x_wconf 85' lang='lat' dir='ltr'>restant,</span> <span class='ocrx_word' id='word_1_216' title='bbox 1176 3174 1316 3235; x_wconf 88' lang='lat' dir='ltr'>quaene</span> <span class='ocrx_word' id='word_1_217' title='bbox 1337 3150 1395 3213; x_wconf 79' lang='lat' dir='ltr'>atti·</span> <span class='ocrx_word' id='word_1_218' title='bbox 1470 3153 1471 3188; x_wconf 72' lang='lat' dir='ltr'>r</span> 
     </span>
     <span class='ocr_line' id='line_1_27' title="bbox 274 3197 1471 3346; baseline -0.002 -25"><span class='ocrx_word' id='word_1_219' title='bbox 274 3260 377 3340; x_wconf 58' lang='lat' dir='ltr'>agimus</span> <span class='ocrx_word' id='word_1_220' title='bbox 400 3259 541 3343; x_wconf 80' lang='lat' dir='ltr'>quidem,</span> <span class='ocrx_word' id='word_1_221' title='bbox 576 3264 611 3322; x_wconf 90' lang='lat' dir='ltr'>ut</span> <span class='ocrx_word' id='word_1_222' title='bbox 638 3259 875 3324; x_wconf 88' lang='lat' dir='ltr'>Plutarchia</span> <span class='ocrx_word' id='word_1_223' title='bbox 903 3261 1193 3346; x_wconf 82' lang='lat' dir='ltr'>apophthegmata:</span> <span class='ocrx_word' id='word_1_224' title='bbox 1233 3261 1396 3346; x_wconf 79' lang='lat' dir='ltr'>dequibus</span> <span class='ocrx_word' id='word_1_225' title='bbox 1470 3197 1471 3287; x_wconf 70' lang='grc'><strong>1</strong></span> 
     </span>
     <span class='ocr_line' id='line_1_28' title="bbox 275 3369 1470 3456; baseline 0.003 -26"><span class='ocrx_word' id='word_1_226' title='bbox 275 3369 541 3452; x_wconf 77' lang='lat' dir='ltr'>ll&#39;yttenbachius</span> <span class='ocrx_word' id='word_1_227' title='bbox 570 3369 723 3433; x_wconf 88' lang='lat' dir='ltr'>videndus</span> <span class='ocrx_word' id='word_1_228' title='bbox 752 3371 792 3433; x_wconf 92' lang='lat' dir='ltr'>ad</span> <span class='ocrx_word' id='word_1_229' title='bbox 823 3371 905 3434; x_wconf 91' lang='lat' dir='ltr'>Plut.</span> <span class='ocrx_word' id='word_1_230' title='bbox 936 3372 1016 3435; x_wconf 89' lang='lat' dir='ltr'>Mor.</span> <span class='ocrx_word' id='word_1_231' title='bbox 1045 3372 1107 3436; x_wconf 87' lang='lat' dir='ltr'>vol.</span> <span class='ocrx_word' id='word_1_232' title='bbox 1132 3371 1173 3454; x_wconf 86' lang='lat' dir='ltr'>V,</span> <span class='ocrx_word' id='word_1_233' title='bbox 1197 3373 1218 3434; x_wconf 80' lang='lat'>2</span> <span class='ocrx_word' id='word_1_234' title='bbox 1242 3395 1274 3456; x_wconf 92' lang='lat' dir='ltr'>p.</span> <span class='ocrx_word' id='word_1_235' title='bbox 1299 3372 1355 3436; x_wconf 66' lang='lat'>879</span> <span class='ocrx_word' id='word_1_236' title='bbox 1373 3378 1395 3428; x_wconf 78' lang='lat' dir='ltr'>ct</span> <span class='ocrx_word' id='word_1_237' title='bbox 1469 3379 1470 3404; x_wconf 69' lang='lat'>³</span> 
     </span>
     <span class='ocr_line' id='line_1_29' title="bbox 276 3479 1396 3564; baseline -0.002 -22"><span class='ocrx_word' id='word_1_238' title='bbox 276 3480 444 3542; x_wconf 78' lang='lat' dir='ltr'>Aninnrdv.</span> <span class='ocrx_word' id='word_1_239' title='bbox 469 3480 530 3541; x_wconf 83' lang='lat' dir='ltr'>vol.</span> <span class='ocrx_word' id='word_1_240' title='bbox 555 3480 580 3562; x_wconf 77' lang='lat' dir='ltr'>l,</span> <span class='ocrx_word' id='word_1_241' title='bbox 610 3483 621 3543; x_wconf 92' lang='lat'>1</span> <span class='ocrx_word' id='word_1_242' title='bbox 648 3503 678 3562; x_wconf 87' lang='lat' dir='ltr'>p.</span> <span class='ocrx_word' id='word_1_243' title='bbox 707 3483 787 3545; x_wconf 73' lang='lat'>1039</span> <span class='ocrx_word' id='word_1_244' title='bbox 809 3503 879 3564; x_wconf 86' lang='lat' dir='ltr'>sqq.</span> <span class='ocrx_word' id='word_1_245' title='bbox 909 3484 940 3544; x_wconf 89' lang='lat' dir='ltr'>et</span> <span class='ocrx_word' id='word_1_246' title='bbox 966 3483 1056 3546; x_wconf 81' lang='lat'>1145.</span> <span class='ocrx_word' id='word_1_247' title='bbox 1101 3481 1276 3545; x_wconf 84' lang='lat' dir='ltr'>Praeterea</span> <span class='ocrx_word' id='word_1_248' title='bbox 1298 3481 1331 3545; x_wconf 94' lang='lat' dir='ltr'>in</span> <span class='ocrx_word' id='word_1_249' title='bbox 1351 3479 1396 3541; x_wconf 85' lang='lat' dir='ltr'>hoc</span> 
     </span>
     <span class='ocr_line' id='line_1_30' title="bbox 276 3589 1396 3673; baseline 0.002 -24"><span class='ocrx_word' id='word_1_250' title='bbox 276 3589 342 3670; x_wconf 88' lang='lat' dir='ltr'>ipso</span> <span class='ocrx_word' id='word_1_251' title='bbox 366 3589 744 3672; x_wconf 79' lang='lat' dir='ltr'>apophthegmatico</span> <span class='ocrx_word' id='word_1_252' title='bbox 773 3612 890 3673; x_wconf 77' lang='lat' dir='ltr'>genere</span> <span class='ocrx_word' id='word_1_253' title='bbox 918 3595 1060 3654; x_wconf 87' lang='lat' dir='ltr'>nostram</span> <span class='ocrx_word' id='word_1_254' title='bbox 1093 3591 1162 3654; x_wconf 87' lang='lat' dir='ltr'>fere</span> <span class='ocrx_word' id='word_1_255' title='bbox 1197 3590 1396 3655; x_wconf 74' lang='lat' dir='ltr'>conamina</span> 
     </span>
     <span class='ocr_line' id='line_1_31' title="bbox 274 3697 1395 3784; baseline 0.002 -26"><span class='ocrx_word' id='word_1_256' title='bbox 274 3697 532 3780; x_wconf 77' lang='lat' dir='ltr'>disputationem,</span> <span class='ocrx_word' id='word_1_257' title='bbox 558 3700 768 3762; x_wconf 84' lang='lat' dir='ltr'>abstinuimus</span> <span class='ocrx_word' id='word_1_258' title='bbox 793 3705 899 3763; x_wconf 85' lang='lat' dir='ltr'>auteur</span> <span class='ocrx_word' id='word_1_259' title='bbox 920 3702 961 3764; x_wconf 90' lang='lat' dir='ltr'>ab</span> <span class='ocrx_word' id='word_1_260' title='bbox 977 3724 1013 3763; x_wconf 88' lang='lat' dir='ltr'>eo</span> <span class='ocrx_word' id='word_1_261' title='bbox 1029 3700 1111 3784; x_wconf 88' lang='lat' dir='ltr'>quod</span> <span class='ocrx_word' id='word_1_262' title='bbox 1126 3705 1175 3764; x_wconf 88' lang='lat' dir='ltr'>est</span> <span class='ocrx_word' id='word_1_263' title='bbox 1198 3704 1302 3765; x_wconf 85' lang='lat' dir='ltr'>lotum</span> <span class='ocrx_word' id='word_1_264' title='bbox 1322 3719 1395 3783; x_wconf 83' lang='lat' dir='ltr'>guu-</span> 
     </span>
    </p>
   </div>
   <div class='ocr_carea' id='block_1_4' title="bbox 273 3807 1468 4112">
    <p class='ocr_par' dir='ltr' id='par_1_4' title="bbox 273 3807 1468 4112">
     <span class='ocr_line' id='line_1_32' title="bbox 274 3807 1468 3894; baseline 0.002 -26"><span class='ocrx_word' id='word_1_265' title='bbox 274 3808 346 3868; x_wconf 90' lang='lat' dir='ltr'>mic</span> <span class='ocrx_word' id='word_1_266' title='bbox 357 3831 423 3869; x_wconf 89' lang='grc' dir='ltr'>ιιιιι,</span> <span class='ocrx_word' id='word_1_267' title='bbox 456 3809 566 3890; x_wconf 87' lang='lat' dir='ltr'>ltaque</span> <span class='ocrx_word' id='word_1_268' title='bbox 582 3833 675 3891; x_wconf 85' lang='lat' dir='ltr'>quarn</span> <span class='ocrx_word' id='word_1_269' title='bbox 690 3832 784 3891; x_wconf 87' lang='lat' dir='ltr'>snpra</span> <span class='ocrx_word' id='word_1_270' title='bbox 802 3810 991 3894; x_wconf 86' lang='lat' dir='ltr'>aliquotiens</span> <span class='ocrx_word' id='word_1_271' title='bbox 1016 3811 1329 3875; x_wconf 81' lang='lat' dir='ltr'>commemoravimus</span> <span class='ocrx_word' id='word_1_272' title='bbox 1343 3807 1394 3870; x_wconf 82' lang='lat' dir='ltr'>De-</span> <span class='ocrx_word' id='word_1_273' title='bbox 1467 3823 1468 3836; x_wconf 63' lang='lat'>¹</span> 
     </span>
     <span class='ocr_line' id='line_1_33' title="bbox 273 3918 1393 4004; baseline -0.003 -26"><span class='ocrx_word' id='word_1_274' title='bbox 273 3918 541 3980; x_wconf 83' lang='lat' dir='ltr'>nroeritiarurn</span> <span class='ocrx_word' id='word_1_275' title='bbox 580 3921 811 3982; x_wconf 83' lang='lat' dir='ltr'>sententiarum</span> <span class='ocrx_word' id='word_1_276' title='bbox 851 3920 1070 3983; x_wconf 85' lang='lat' dir='ltr'>collectionem</span> <span class='ocrx_word' id='word_1_277' title='bbox 1103 3942 1141 3982; x_wconf 89' lang='lat' dir='ltr'>ex</span> <span class='ocrx_word' id='word_1_278' title='bbox 1175 3921 1255 4004; x_wconf 88' lang='lat' dir='ltr'>ipsis</span> <span class='ocrx_word' id='word_1_279' title='bbox 1287 3918 1393 4003; x_wconf 81' lang='lat' dir='ltr'>quiden</span> 
     </span>
     <span class='ocr_line' id='line_1_34' title="bbox 275 4027 1390 4112; baseline -0.005 -22"><span class='ocrx_word' id='word_1_280' title='bbox 275 4028 439 4108; x_wconf 81' lang='lat' dir='ltr'>scriptis</span> <span class='ocrx_word' id='word_1_281' title='bbox 473 4029 653 4110; x_wconf 91' lang='lat' dir='ltr'>philosophi</span> <span class='ocrx_word' id='word_1_282' title='bbox 682 4034 917 4112; x_wconf 70' lang='lat' dir='ltr'>excerptam,</span> <span class='ocrx_word' id='word_1_283' title='bbox 954 4030 992 4093; x_wconf 90' lang='lat' dir='ltr'>de</span> <span class='ocrx_word' id='word_1_284' title='bbox 1026 4051 1063 4093; x_wconf 89' lang='lat' dir='ltr'>ea</span> <span class='ocrx_word' id='word_1_285' title='bbox 1096 4035 1225 4112; x_wconf 86' lang='lat' dir='ltr'>praeter</span> <span class='ocrx_word' id='word_1_286' title='bbox 1260 4027 1390 4094; x_wconf 80' lang='lat' dir='ltr'>Orelliun</span> 
     </span>
    </p>
   </div>
   <div class='ocr_carea' id='block_1_5' title="bbox 342 4366 988 4442">
    <p class='ocr_par' dir='ltr' id='par_1_5' title="bbox 342 4366 988 4442">
     <span class='ocr_line' id='line_1_35' title="bbox 342 4366 988 4442; baseline 0.051 -31"><span class='ocrx_word' id='word_1_287' title='bbox 342 4366 366 4431; x_wconf 60' lang='lat' dir='ltr'>*p</span> <span class='ocrx_word' id='word_1_288' title='bbox 387 4367 505 4431; x_wconf 77' lang='lat' dir='ltr'>[Dictum</span> <span class='ocrx_word' id='word_1_289' title='bbox 524 4371 567 4420; x_wconf 87' lang='lat' dir='ltr'>cst</span> <span class='ocrx_word' id='word_1_290' title='bbox 585 4368 618 4422; x_wconf 89' lang='lat' dir='ltr'>dc</span> <span class='ocrx_word' id='word_1_291' title='bbox 638 4369 680 4422; x_wconf 88' lang='lat' dir='ltr'>his</span> <span class='ocrx_word' id='word_1_292' title='bbox 700 4388 783 4438; x_wconf 85' lang='lat' dir='ltr'>snpra</span> <span class='ocrx_word' id='word_1_293' title='bbox 801 4385 826 4440; x_wconf 83' lang='lat' dir='ltr'>p.</span> <span class='ocrx_word' id='word_1_294' title='bbox 848 4375 897 4425; x_wconf 79' lang='grc'>557</span> <span class='ocrx_word' id='word_1_295' title='bbox 916 4369 988 4442; x_wconf 67' lang='grc'>8(1(11</span> 
     </span>
    </p>
   </div>
   <div class='ocr_carea' id='block_1_6' title="bbox 0 0 1485 5134">
    <p class='ocr_par' dir='ltr' id='par_1_6' title="bbox 0 0 1485 5134">
     <span class='ocr_line' id='line_1_36' title="bbox 0 0 1485 5134; baseline 0 0"><span class='ocrx_word' id='word_1_296' title='bbox 0 0 1485 5134; x_wconf 95' lang='lat' dir='ltr'> </span> 
     </span>
    </p>
   </div>
  </div>
 </body>
</html>
