2954 5134
308 339 370 402 578
594 351 856 400 ouononoorvn
878 349 1162 399 vrnnososnsss.

309 505 484 570 Phanias
507 504 569 587 VI,
600 505 635 586 8,
671 504 756 567 aliud
784 503 944 568 Diocles
966 501 1029 582 VI,
1056 503 1111 583 12,
1146 501 1288 584 Diogenis
1315 498 1391 580 Cynici

310 615 418 680 Sotio
441 614 498 696 VI,
521 615 578 695 26,
603 614 688 676 aliud
710 614 794 677 idem
816 614 870 676 ille
893 611 1054 675 Diocles
1076 611 1133 693 VI,
1158 611 1215 693 36,
1242 609 1394 693 Pythagorae

310 726 533 790 Sosicrates
557 723 646 806 VIII,
672 725 702 803 8,
727 723 887 787 Diocles
910 722 967 803 Vl,
992 723 1042 785 91.

394 834 619 918 Progredimur
653 834 693 896 ad
722 833 807 896 aliud
835 854 938 916 genus
970 831 1177 914 scriptorum,
1212 831 1244 894 in
1271 825 1397 908 multiplici

311 945 417 1007 variae
441 943 626 1008 cruditionis
650 943 843 1006 tractatione
865 941 1108 1006 industriorum:
1145 940 1186 1003 ad
1214 961 1309 1003 eorum
1325 935 1398 1000 mutu

310 1054 469 1136 tudinem,
499 1055 552 1136 qui
575 1055 624 1116 vel
648 1055 894 1132 ὑπομνήμαει
922 1052 970 1116 vel
1000 1045 1399 1131 daopunpovetpacrrcl

311 1165 536 1243 (υμμίκτοιε
559 1163 609 1226 vel
631 1167 909 1228 corrobonat(
930 1163 1139 1241 ltroptocc,
1161 1161 1298 1243 velquae
1317 1154 1401 1220 sinte

309 1275 440 1336 fuerunt
462 1273 614 1336 librorum
630 1273 866 1355 inscriptiones,
890 1271 1176 1335 diversissimarum
1195 1291 1291 1333 rerum
1304 1265 1401 1348 copiam.

309 1384 344 1445 in
366 1382 415 1444 his
439 1384 534 1445 etiam
557 1382 679 1464 lepidas
703 1404 719 1446 e
743 1382 899 1445 clarorum
920 1381 1084 1445 hominum
1105 1381 1173 1444 vita
1195 1379 1327 1456 fabellas,
1345 1375 1402 1437 lace

310 1496 358 1554 tos
396 1514 555 1555 sermones
563 1542 572 1573 ,
607 1497 720 1576 argute
754 1513 925 1574 responsa,
959 1495 994 1554 ut
1019 1513 1084 1555 uno
1110 1479 1208 1553 verbo
1234 1489 1327 1552 dicem
1354 1504 1403 1564 ape

309 1602 520 1685 phthegmata
543 1603 846 1684 complectebantur.
892 1601 953 1682 Ita,
976 1604 1013 1663 ut
1034 1600 1187 1682 exemplis
1210 1602 1291 1676 uter,
1313 1593 1403 1660 Solone

309 1712 429 1774 dictum
445 1711 601 1794 quoddam
617 1712 779 1795 Diogenes
794 1713 820 1792 Ι,
837 1712 878 1775 63
900 1712 1035 1809 sumpsit
1056 1733 1073 1774 e
1093 1706 1331 1773 Dioscoridis
1350 1705 1404 1767 deo·

309 1823 571 1900 μνημονεύμαειν,
595 1822 707 1904 quibus
730 1822 764 1886 in
788 1821 884 1884 simili
900 1842 1011 1884 cauissa
1033 1843 1106 1883 usus
1129 1824 1178 1883 est
1193 1810 1404 1882 Athenaeush'l

310 1955 341 2014 p.
359 1932 420 1994 507
438 1937 479 1994 ll:
503 1931 629 1994 uberior
652 1934 686 1996 in
710 1930 820 1995 eodem
842 1953 958 2015 genere
981 1930 1106 1994 videtur
1128 1927 1335 1992 Phavorini
1351 1945 1407 1987 παν-

309 2044 431 2118 τοδαπὴ
454 2042 574 2119 ἱετορία
597 2041 709 2122 fuisse,
740 2064 758 2104 a
788 2041 875 2104 curius
903 2040 1095 2104 testimoniis
1117 2039 1277 2121 profectus
1298 2039 1338 2099 est
1356 2033 1406 2095 llio

310 2172 408 2234 geues
435 2150 496 2230 IV,
520 2151 572 2212 64.
597 2150 642 2230 V,
673 2151 724 2213 21.
760 2151 821 2230 VI,
846 2151 896 2214 25.
927 2151 967 2214 89
1001 2151 1035 2212 in
1064 2149 1233 2212 afferendis
1261 2143 1406 2211 (lamentis.

310 2260 503 2340 Aristotelis,
529 2259 698 2342 Aristippi,
724 2260 863 2324 Cratetis
880 2258 1177 2343 apophthegmatis:
1202 2258 1330 2341 (diversa
1349 2252 1407 2316 euim

310 2373 358 2431 est
381 2391 487 2432 eorum
510 2370 607 2450 ratio,
643 2391 723 2452 (pirae
747 2392 763 2432 c
791 2369 972 2433 Pharorino
1002 2369 1157 2433 Stobaeus
1191 2367 1343 2450 smnpsit:)
1372 2359 1408 2423 sed

309 2480 427 2541 referta
450 2479 732 2562 apophthegmatis
756 2478 891 2543 Sereni
920 2479 1234 2558 ἀπομνημονεύματα
1254 2478 1408 2550 faciamte

310 2589 422 2671 quibus
451 2611 516 2652 non
545 2589 805 2671 philosophorum
833 2593 976 2669 tantum,
1015 2589 1070 2652 sed
1102 2591 1284 2671 poetarum,
1318 2602 1407 2664 resume

309 2698 438 2780 ducum,
470 2699 661 2781 ignobilium
683 2721 806 2782 quoque
829 2699 992 2762 hominum
1014 2699 1151 2781 plurima
1175 2698 1270 2761 effata
1292 2694 1408 2760 Stabiu<

309 2808 449 2872 serravit
470 2809 505 2871 in
528 2808 743 2872 Semnonibus.
775 2809 913 2883 (turciam
936 2809 1052 2872 similia
1075 2808 1176 2870 multa
1199 2807 1271 2870 addi
1293 2827 1326 2868 ex
1340 2801 1408 2866 athe

310 2941 391 2981 naeo
414 2923 574 3000 poterunt,
599 2920 685 2982 velut
707 2918 790 3002 quod
813 2920 993 3002 eLyncei
1016 2917 1328 2997 ἀπομνημονεύμααν
1347 2913 1409 2974 uttr-

309 3030 361 3090 tur
384 3027 413 3089 X
436 3051 467 3110 p.
491 3029 554 3092 434
577 3034 619 3111 Β,
649 3028 702 3091 sed
731 3028 872 3091 omnium
902 3033 1010 3092 tamen
1038 3049 1075 3091 eo
1104 3027 1138 3090 in
1167 3048 1284 3111 genere
1304 3019 1409 3106 larges·

310 3159 378 3199 inus
402 3138 569 3201 Athenaeo
594 3139 666 3200 fons
695 3137 947 3222 Hegesandri
970 3137 1086 3220 Delphi
1109 3138 1316 3216 ὑπομνήματα
1339 3133 1409 3194 l'utsr·

310 3247 348 3308 de
371 3247 484 3330 quilms
507 3247 659 3310 sescentis
682 3248 768 3310 illius
790 3249 982 3311 testimoniis
1005 3248 1182 3326 constat.*)
1445 3227 1446 3238 ,

394 3356 538 3418 Diximus
561 3357 600 3419 de
623 3357 678 3438 eia,
703 3358 756 3440 qui
780 3380 836 3440 per
850 3358 1126 3421 miscellaneorum
1148 3353 1409 3420 commentariorum

309 3467 491 3530 occasiones
514 3466 692 3549 attigerunt
720 3468 818 3529 etiam
841 3467 1199 3552 apophthegmata:
1241 3466 1294 3529 sal
1320 3465 1409 3527 restant

310 3578 362 3659 qui
386 3577 419 3639 in
442 3576 490 3638 his
515 3576 701 3659 colligendis
724 3577 782 3639 toti
806 3577 948 3640 suerunt.
984 3577 1142 3640 Mittimus
1166 3575 1338 3658 Sosiadis
1357 3573 1410 3633 iao·

309 3689 404 3763 θήκα(
426 3692 492 3751 τῶν
516 3682 540 3752 Z'
558 3691 669 3765 (οφῶν
693 3689 775 3768 apud
800 3688 888 3751 Stob.
907 3687 966 3770 III,
984 3687 1025 3750 80
1047 3687 1145 3770 (unde
1168 3687 1276 3750 bouelt
1290 3681 1410 3748 Arsene

377 3992 400 4056 ³³⁴)
425 3990 588 4057 [Diligenter
607 3991 678 4044 hunc
696 3993 786 4043 locum
811 4008 934 4056 onmem,
957 4007 1039 4058 quern
1063 3991 1192 4044 extremis
1216 3993 1318 4044 tantum
1340 3982 1408 4048 shift*

309 4081 447 4149 attingere
471 4083 584 4147 licebat,
608 4083 656 4135 Itd.
677 4084 818 4152 Koepkius
841 4087 1000 4152 persecutus
1025 4086 1067 4137 cst
1091 4084 1173 4138 oditis
1192 4085 1307 4138 Berolini
1328 4101 1347 4134 a.
1365 4081 1409 4129 liti

310 4179 337 4227 et
355 4175 567 4242 Briuuclcnhurgi
586 4193 603 4227 a
623 4182 686 4229 isca
705 4177 750 4228 ‘de
769 4177 992 4244 hypomnematis
1011 4177 1131 4244 graecis*
1151 4181 1223 4246 part.
1244 4178 1253 4230 l
1272 4181 1295 4230 et
1314 4175 1343 4229 ll.
1362 4171 1409 4220 itffl

310 4267 521 4336 ,Drerndenburgi
544 4286 567 4321 a.
589 4275 653 4322 1357
677 4269 910 4324 commentatione
934 4270 1014 4323 ‘tiber
1036 4270 1081 4323 die
1100 4270 1228 4339 Gattung
1250 4271 1296 4323 der
1315 4270 1410 4324 ducere·

310 4361 471 4423 μονεύματα
489 4362 516 4414 in
536 4363 585 4415 der
603 4361 793 4429 griechischen
812 4363 995 4430 Litteratnr.']
