2954 5134
301 351 363 415 588
683 369 728 413 nn
752 369 821 415 ono
846 369 889 414 nr
913 369 1055 415 oriona.

268 529 404 604 duoque
427 521 585 584 indicibus
609 521 641 584 in
665 520 923 605 Etymologienm
951 523 995 584 M.
1025 525 1058 584 et
1080 521 1246 585 Zonaram.
1289 521 1330 584 Vt
1347 520 1406 583 haee

301 631 450 714 prodeat,
486 630 639 715 siquidem
669 653 796 714 prorsus
827 654 912 695 nune
942 632 1109 695 recedatur
1139 653 1157 694 a
1188 631 1299 696 Suidae
1323 653 1406 694 narra-

301 740 404 822 tione,
437 741 634 825 singulorum
658 745 689 804 et
711 743 937 826 magistrorum
960 746 992 805 ct
1015 742 1309 805 commentariorum
1329 741 1406 823 dispo-

301 851 393 933 siti0,
424 851 524 914 nimia
546 851 602 914 illa
626 852 813 915 credulitate
842 855 990 934 suscepta
1012 852 1046 914 in
1070 851 1209 915 Fabricii
1241 851 1321 915 Bibl.
1342 849 1407 934 gul

301 983 332 1043 p.
358 961 418 1025 105
440 984 485 1044 sq.
511 965 542 1025 et
564 962 609 1024 Vl
633 985 663 1045 p.
681 962 739 1026 621
758 985 821 1045 sep:
847 965 917 1026 Orio
943 966 1103 1026 Thebanus
1125 965 1157 1024 et
1181 965 1259 1026 Orus
1283 965 1408 1026 Thebanus

301 1073 372 1149 περὶ
401 1072 624 1153 ἑτυμολογὶαε,
662 1076 733 1136 Orio
763 1078 898 1136 Milesius
925 1075 956 1134 et
981 1076 1058 1136 Orus
1085 1074 1156 1152 περὶ
1183 1072 1329 1148 ἐθνικῶν,
1353 1075 1409 1132 driu

303 1186 438 1245 Milesius
460 1183 531 1261 περὶ
553 1183 781 1264 ὀρθογραφίαε.
813 1183 881 1246 Nec
896 1183 1083 1246 minuuntur
1096 1183 1179 1245 istae
1200 1183 1310 1245 turbae
1330 1180 1409 1244 indice

302 1291 356 1354 illo
385 1290 581 1356 Coisliniano
610 1300 647 1356 de
674 1300 784 1357 ortium
813 1305 842 1357 el
865 1300 1096 1372 disciplinarum
1124 1298 1325 1356 incentoribus
1348 1291 1409 1374 apul

302 1401 587 1465 hlontefalconinm
610 1426 641 1486 p.
659 1403 731 1486 597,
756 1404 810 1466 ubi
825 1403 1036 1487 inscriptione
1059 1403 1236 1487 praemissa
1253 1403 1317 1467 licor
1337 1423 1410 1479 γραμ-

301 1513 422 1590 ματικοί
450 1514 534 1576 solus
562 1515 747 1576 nominatur
775 1515 872 1596 (hue,
902 1515 937 1576 in
960 1514 1168 1597 scriptoribus
1191 1516 1264 1593 περὶ
1285 1513 1410 1593 bobonen-

302 1623 377 1702 φὶαι
400 1645 523 1687 rursum
546 1624 720 1687 collocatur
743 1625 842 1703 Orus,
866 1625 979 1687 deinde
1000 1627 1071 1704 περὶ
1093 1626 1255 1704 διχρόνων
1278 1621 1410 1707 magistri<

302 1733 383 1796 Orus
406 1738 593 1796 accensetur
615 1738 647 1797 et
669 1735 784 1797 iterum
800 1737 892 1817 Orus,
917 1735 1029 1797 ultimo
1052 1737 1159 1797 aretem
1181 1735 1252 1797 loco
1268 1733 1339 1798 Orio
1352 1730 1410 1794 The

303 1843 403 1905 lranus
426 1844 556 1925 ponitur
572 1845 853 1929 ethnicographus.
886 1844 1030 1928 Denique
1046 1844 1278 1907 incredibiliter
1299 1842 1410 1906 omniur

301 1975 406 2015 rerum
430 1954 572 2016 ccnrl'usio
596 1954 783 2038 adaugetur,
808 1954 861 2018 ubi
884 1956 922 2017 de
947 1953 1157 2038 congruentia
1181 1958 1238 2017 aut
1260 1954 1411 2034 discrepan-

301 2063 346 2124 tia
369 2064 462 2126 lexici
486 2064 616 2127 Oriouei
640 2065 741 2128 nostri
763 2065 925 2148 quaeritur
948 2068 979 2127 et
1002 2086 1126 2146 comm,
1150 2086 1233 2148 qrrae
1256 2064 1304 2127 vel
1325 2059 1410 2126 Orioni

301 2173 348 2235 vel
374 2172 438 2237 Oro
466 2173 649 2236 tribuuntur
676 2175 710 2237 in
733 2174 979 2258 Etymologicis:
1017 2174 1100 2258 quod
1129 2174 1256 2258 quidem
1284 2174 1338 2236 hoc
1361 2172 1412 2234 loco

301 2284 483 2366 significare
506 2287 633 2347 tantum
656 2285 790 2348 necdum
811 2286 887 2348 lieet
909 2285 1065 2369 persequi.
1097 2284 1158 2348 Sed
1182 2306 1220 2347 ex
1236 2287 1325 2347 tanta
1345 2279 1411 2344 dissi·

301 2393 444 2456 dentium
467 2394 722 2458 testimoniorum
751 2395 844 2458 turba
868 2399 900 2458 et
922 2396 1012 2478 quasi
1042 2394 1176 2458 colluvie
1198 2395 1332 2480 quadam
1351 2390 1412 2453 seire

301 2503 389 2566 lubet
415 2526 476 2588 qua
504 2507 635 2568 tandem
668 2493 719 2568 ¹viu
748 2528 816 2569 sese
850 2505 997 2589 expedire
1029 2505 1183 2590 philologi
1224 2504 1327 2569 conah'
1355 2501 1411 2564 sint.

302 2613 643 2706 Scilicet—permutata
672 2615 776 2679 dicere
810 2615 927 2678 similia
964 2616 1159 2678 diversorum
1192 2615 1320 2680 numina
1353 2609 1411 2674 satis

301 2725 413 2786 habuit
434 2723 621 2809 Sylburgius
641 2726 751 2790 Indice
773 2726 807 2789 in
830 2726 884 2788 Et.
907 2725 950 2788 M.
974 2749 1005 2808 p.
1031 2726 1108 2789 1071
1126 2731 1143 2788 o
1164 2725 1213 2788 ed.
1237 2725 1330 2808 Lips,
1351 2719 1411 2784 satis
1466 2787 1467 2798 χ

301 2835 397 2897 etiam
427 2834 583 2918 Strrrzius3
612 2859 709 2899 unum
737 2841 862 2899 tantum
892 2835 1095 2899 multitudine
1123 2835 1290 2898 nominum
1315 2830 1410 2916 signifi·
1466 2807 1467 2899 l

301 2945 364 3007 cari
382 2946 627 3027 grannuatienm
643 2946 806 3009 Fabricius
822 2947 883 3010 sibi
906 2947 1063 3028 persuasit
1080 2944 1163 3008 Bibl.
1181 2967 1231 3029 gr.
1248 2945 1294 3008 Vl
1314 2967 1340 3027 p.
1354 2939 1410 3004 {lil-

301 3056 459 3137 persuasit
481 3057 577 3118 etiam
600 3055 765 3120 Harlesioz
811 3057 852 3120 cf.
882 3080 912 3140 p.
937 3057 1010 3121 603.
1034 3057 1106 3121 (321.
1153 3055 1279 3137 Sceuti,
1308 3056 1338 3116 nt
1360 3051 1410 3112 lere

300 3166 351 3248 fit,
381 3166 572 3229 recentiores
601 3189 670 3230 enm
700 3168 753 3230 alii
783 3170 851 3229 tum
879 3167 932 3250 qui
960 3166 999 3230 de
1027 3165 1204 3248 Hermippo
1234 3185 1329 3248 nuper
1348 3179 1410 3224 cern·
1465 3185 1466 3265 p

301 3278 461 3338 mentatus
485 3279 533 3338 est
554 3277 750 3360 hozynskius
773 3300 804 3360 p.
828 3277 880 3342 25.

774 3471 905 3552 .§5·

385 3607 451 3671 Nos
475 3613 581 3671 arrtem
603 3613 638 3670 nt
661 3609 791 3689 acriore,
816 3607 842 3670 si
858 3607 927 3670 fieri
943 3608 1053 3690 possit,
1078 3605 1182 3668 Marte
1199 3602 1407 3669 contendam-2

301 3740 319 3779 a
342 3718 462 3780 duolnrs
492 3719 569 3780 loeis
598 3719 834 3801 proficiscemur
842 3767 850 3798 ‚
882 3739 959 3800 quos
994 3717 1076 3779 solos
1110 3715 1252 3779 illibatos
1280 3711 1407 3778 eerninnn

301 3827 426 3889 illorum
449 3828 599 3891 flnctuum
623 3829 825 3912 contagione.
857 3827 975 3890 Eorum
997 3827 1078 3890 alter
1099 3826 1152 3889 hie
1176 3831 1234 3908 est,
1258 3823 1331 3909 quod
1350 3817 1406 3882 lexi-
1463 3869 1464 3912 ᾖ

302 3960 372 4001 enm
387 3938 463 4000 illud
482 3938 803 4021 etymologicum,
829 3937 892 4001 alio
908 3937 984 4001 alibi
1000 3938 1129 4000 nomine
1146 3940 1405 4000 commemoratum.
1463 3931 1464 3999 l

301 4071 337 4110 ex
363 4049 483 4126 Regiae
507 4048 718 4112 bibliothecae
742 4047 872 4111 latebris
888 4047 1039 4111 Lareheri
1061 4046 1220 4111 industria
1242 4048 1405 4129 procurem

302 4160 417 4220 nostris
440 4159 502 4240 ipsi
524 4159 672 4221 ruunibus
695 4163 850 4238 tenemus,
875 4162 907 4220 et
930 4158 1131 4240 apertissimo
1147 4157 1273 4241 quidem
1293 4152 1404 4216 testimo
1462 4183 1463 4240 3

302 4267 354 4328 nio
378 4269 572 4351 adscriptum
602 4268 742 4332 Orioni
765 4268 952 4332 Thebano
980 4268 1192 4352 grammatico
1220 4255 1403 4332 caesareensi.

304 4376 435 4440 hdieeta
463 4379 547 4441 enirn
574 4384 789 4458 γραμματικοῦ
819 4379 1000 4458 sareanen<
1028 4377 1141 4460 verba,
1176 4379 1286 4444 iterata
1309 4365 1402 4434 illnifl
