2954 5134
412 367 459 414 na
482 366 552 416 oao
575 367 620 413 nr
642 367 785 414 oaioua.
1112 351 1176 416 589

52 518 229 600 laticibus,
258 539 299 582 ne
322 518 483 582 levissima
511 518 638 602 quidem
662 541 774 582 caussa
797 522 846 582 est
869 540 924 583 cur
946 519 980 582 in
1003 519 1173 584 dubitatio·

52 651 114 692 nem
144 649 212 692 cum
245 628 282 692 F.
312 629 353 692 Α.
383 627 501 692 Wolfio
528 631 697 712 vocentur3
728 629 762 693 in
795 629 930 694 eandem
962 629 1018 692 illa
1047 633 1172 712 partem

52 739 146 802 valent
166 743 259 823 atque
282 737 321 802 de
344 737 409 802 Oro
424 737 645 802 Alexandrino
667 761 687 802 a
707 737 804 803 Suida
827 741 979 821 usurpata
1002 740 1206 806 aaronitae?

52 849 80 912 ἐν
101 850 336 914 Κωνεταντίνου
358 849 460 914 πόλει.
505 847 557 910 Ad
585 848 721 912 eundem
743 851 849 912 autem
872 848 1025 928 Orionem
1047 847 1173 912 Theba-

52 979 116 1020 num
141 980 206 1022 non
233 958 341 1022 minus
369 961 456 1022 certo
484 961 675 1042 argumento
703 957 841 1022 refertur
869 959 1062 1036 ἀνθολόγιον
1091 961 1173 1040 πρὸ(

52 1069 198 1146 Εὐδοκίαν,
220 1067 303 1152 quod
326 1067 453 1152 quidem
474 1089 572 1132 manu
588 1067 742 1151 scriptum
763 1069 797 1132 in
819 1067 1014 1132 bibliotheca
1036 1068 1174 1152 quadam

52 1176 240 1242 l'arsaricnsi
269 1181 394 1242 exstare
424 1177 588 1242 l'rancisoi
617 1176 760 1242 Passovii
788 1199 846 1242 nos
869 1178 976 1241 docuit
999 1183 1114 1244 Notitia
1137 1184 1175 1242 de

52 1293 208 1366 anilolopio
237 1292 360 1352 Orionis
391 1292 526 1352 Thebani
551 1287 726 1370 praemissa
755 1287 863 1351 libello
890 1287 1072 1352 academico
1094 1287 1174 1352 Vra-

52 1396 212 1462 tislaviensi
235 1397 369 1462 aestatis
391 1419 420 1460 a.
440 1394 668 1484 1831[Opusc.
693 1397 783 1461 acad.
807 1420 839 1480 p.
859 1397 918 1462 198
935 1398 1030 1482 sqq.],
1055 1397 1174 1462 editum

52 1509 144 1570 autem
164 1529 312 1592 umquam
339 1507 380 1570 iri
408 1511 539 1592 propter
561 1527 716 1590 nuperum
738 1529 843 1571 rerum
865 1506 1090 1571 polonicorum
1112 1507 1174 1572 cla-

52 1614 112 1679 dem
136 1617 219 1680 haud
247 1618 313 1681 scio
341 1640 384 1680 an
412 1617 549 1700 amplius
577 1637 706 1700 sperare
732 1637 798 1680 non
821 1617 927 1682 liceat.
972 1615 1040 1681 Nec
1062 1617 1173 1701 magni

52 1727 188 1790 momenti
215 1749 283 1790 esse
312 1727 475 1810 videntur,
505 1748 586 1810 quae
614 1748 652 1790 ex
686 1726 741 1791 illo
768 1731 804 1790 ut
832 1727 954 1790 conicio
987 1727 1174 1811 anthologio

52 1841 186 1920 excerpta
213 1838 248 1900 in
277 1837 384 1902 codice
407 1836 648 1900 Vindobonensi
676 1836 760 1920 apud
788 1835 993 1900 Lambecium
1020 1838 1041 1902 l.
1066 1859 1093 1900 c.
1123 1859 1174 1900 ex·

51 1947 136 2028 stant,
158 1950 307 2031 quattuor
329 1946 459 2030 paginis
481 1945 659 2030 perscripta
682 1946 742 2010 hoc
764 1945 873 2011 initio:
902 1947 1019 2027 Ὠρίων
1040 1947 1059 2012 ὁ
1082 1949 1174 2028 φιλό-

51 2073 140 2135 <opor
166 2057 307 2137 εἴρηκεν,
335 2055 489 2140 inscripta
518 2059 624 2120 autem
654 2061 914 2135 Apopttbeqmutc
936 2063 1085 2136 quaedam
1107 2064 1175 2124 mis-

50 2166 223 2251 cellaneu.*)
254 2165 403 2231 Ceterum
425 2165 593 2249 inscriptio
614 2165 688 2229 libri
704 2165 928 2230 Varsaviensis
950 2187 1079 2250 prorsus
1102 2189 1174 2230 con-

51 2275 126 2355 gruit
146 2276 179 2339 in
201 2275 317 2340 Suidae
339 2276 541 2358 memoriam,
569 2275 631 2338 nisi
660 2275 743 2359 quod
772 2278 850 2342 κατὰ
873 2281 1010 2357 (τοιχεῑα
1032 2281 1174 2340 veterum

51 2403 141 2468 nemo,
164 2385 247 2469 quod
269 2385 385 2468 sciam,
413 2386 536 2450 locutus
559 2389 623 2468 est,
647 2385 703 2448 sed
725 2386 887 2450 constanti
910 2409 968 2450 usu
991 2389 1023 2450 et
1046 2407 1174 2450 consue

50 2493 148 2558 tudine
169 2498 332 2578 receptum
353 2496 417 2559 suit
439 2498 518 2562 κατὰ
541 2499 709 2577 (τοιχεῑον.
740 2495 829 2571 Quod
852 2499 958 2559 autem
981 2497 1174 2574 ἀνθολόγιον

49 2600 188 2684 formam,
221 2627 279 2688 pro
308 2605 483 2684 ἀνθολογία
507 2606 604 2690 longe
632 2607 797 2670 usitatiore
825 2605 981 2670 adscitam
1009 2607 1105 2670 etiam
1134 2607 1175 2670 ab

50 2709 161 2776 loanne
182 2714 332 2797 stubam,
354 2736 482 2798 prorsus
505 2715 594 2778 illam
615 2715 794 2780 inauditam
817 2715 852 2779 F.
869 2715 998 2778 Rankio
1019 2693 1059 2778 de
1074 2715 1176 2800 Hesy-

51 2819 113 2885 chio
133 2847 163 2906 p.
186 2824 238 2903 59,
261 2823 431 2888 Passovius
453 2826 519 2908 p.4
543 2823 628 2913 [201]
651 2825 729 2889 satis
751 2825 911 2888 subtiliter
934 2825 1110 2908 disputavit
1133 2825 1173 2888 ad

50 2931 170 2996 mixtam
192 2955 263 2998 cum
287 2935 413 3018 poetica
435 2957 562 3018 prosam
579 2935 756 3000 orationem
771 2939 927 3018 spectare,
952 2934 985 2998 id
1001 2955 1067 2998 non
1084 2933 1175 2998 video

50 3061 104 3122 quo
118 3043 207 3108 modo
229 3044 264 3107 in
287 3045 589 3125 ἐπιγραμμάτων
613 3045 806 3123 ἀνθολόγιον
829 3045 1085 3110 accommodetur
1101 3043 1176 3108 Dio-

50 3151 178 3232 geniano
199 3153 396 3238 adscriptum
419 3177 438 3218 a
460 3153 567 3220 Suida.

125 3261 172 3326 Ex
194 3264 241 3327 eis
262 3286 344 3347 quae
366 3266 527 3350 posuimus
550 3265 687 3349 primum
709 3265 848 3329 efficitur
870 3265 995 3348 lapsum
1018 3285 1086 3328 esse
1109 3263 1176 3329 Sui·

49 3366 115 3433 dam
146 3373 365 3438 Alexandrino
393 3375 505 3440 Orioni
537 3376 731 3439 tribuentem
765 3377 836 3455 περὶ
869 3375 1077 3453 ἐτυμολογία(
1110 3375 1177 3437 sive

49 3483 115 3558 περὶ
144 3484 361 3563 ἐτυμολογιῶν
395 3485 548 3550 lexicnm:
585 3485 616 3548 id
650 3484 733 3568 quod
760 3506 801 3548 ne
828 3484 1022 3548 Larcherum
1050 3484 1176 3568 quidem

48 3587 136 3672 fugit.
179 3589 304 3657 Deinde
328 3597 450 3678 autem,
479 3616 541 3678 qua
569 3598 674 3658 aetate
698 3595 849 3658 Orionem
872 3593 1060 3658 Thebaniun
1084 3593 1177 3657 collo-

49 3717 157 3784 cemus,
179 3702 318 3766 medium
341 3705 502 3768 saeculum
525 3704 671 3788 quintum
699 3703 786 3767 nacti
809 3725 915 3767 sumus
939 3707 1029 3766 extra
1053 3707 1177 3766 contro-

48 3810 176 3874 versiam
191 3813 342 3895 positum.
371 3813 402 3876 N
405 3836 439 3878 ec
455 3817 527 3898 post
543 3835 571 3878 a.
590 3811 817 3879 CCCCXXXX
833 3813 873 3877 ad
890 3811 1065 3876 Endociam
1077 3811 1177 3875 Theo-

49 3914 124 3980 dosii
145 3921 278 3985 minoris
301 3923 469 4008 coniugem
491 3925 714 3988 transmissiun
736 3945 815 4006 opus
837 3923 936 3986 videri
959 3921 1055 3986 facile
1075 3921 1176 3986 eidem

49 4031 233 4095 assentimur
261 4031 413 4097 Passovio
442 4056 474 4117 p.
503 4035 523 4099 3
555 4031 653 4122 [199].
706 4031 825 4108 Quibus
859 4033 1002 4116 apprime
1030 4030 1178 4095 conveni·

48 4141 114 4221 unt,
136 4161 215 4224 quae
231 4141 270 4206 de
287 4142 405 4208 Orione
429 4165 499 4208 cum
515 4143 645 4207 Tzetzes
667 4141 801 4208 tradidit
822 4163 895 4206 mox
916 4140 1086 4224 afferenda,
1109 4143 1178 4204 tum

87 4297 113 4303 --ι
125 4299 243 4306 --...-.a.

112 4377 136 4444 *l
154 4379 240 4447 [Haec
257 4379 319 4436 vide
337 4397 422 4452 supra
439 4383 562 4438 tractata
579 4399 605 4450 p.
626 4385 674 4436 662
693 4379 765 4450 sqq.]
