2942 5134
271 281 334 350 416
357 334 362 348 .
704 299 750 350 na
773 299 974 353 aaaraosis

273 457 520 540 coniungeretur
552 478 623 519 cum
656 478 693 519 ea
725 459 758 518 et
790 460 1028 538 compararetur
1060 451 1268 520 Perdiccae
1298 453 1388 538 impe·

273 567 369 648 riunr,
409 567 458 629 cui
487 566 541 629 ille
569 567 730 629 successit.
776 566 872 630 Ciiius
899 567 938 630 de
965 567 1099 650 imperio
1127 567 1203 630 item
1228 567 1389 650 quadrupli-

240 689 255 734 5
274 677 353 738 citer
375 677 590 739 existimatum
614 699 682 740 esse
705 699 724 738 a
746 677 906 739 veteribus
929 676 1089 740 historicis
1112 676 1289 739 Athenaeus
1307 676 1391 738 docet

274 785 302 848 V
325 809 356 868 p.
384 787 445 850 217
469 793 505 849 D.
532 792 568 850 E.
613 785 697 849 Nam
720 808 792 849 cum
814 787 855 849 ab
875 785 1048 849 Nicomede
1071 786 1232 849 Acanthio
1252 787 1393 848 diceretur

274 919 375 959 annos
398 917 550 980 regnasse
572 896 839 980 quadraginta
862 918 990 979 unum,
1020 896 1134 979 quihus
1159 919 1257 958 unum
1282 899 1393 958 tantum

274 1007 372 1069 demit
400 1007 616 1069 Anaximenes
644 1007 894 1090 (Lampsacenus
921 1009 957 1068 ut
983 1004 1137 1088 videtur),
1173 1009 1281 1069 contra
1304 1004 1395 1066 Theo

273 1138 407 1199 pompus
436 1117 464 1179 ei
491 1116 603 1180 tribuit
631 1107 801 1199 quinque
830 1119 869 1178 et
895 1115 1084 1199 triginta,
1122 1115 1327 1197 Hieronymus
1349 1137 1397 1176 au-

272 1231 336 1288 tem
371 1225 527 1308 XXVIII,
572 1226 707 1309 denique
742 1225 852 1288 XXIII
890 1225 1087 1310 Marsyas*)
1123 1229 1155 1288 et
1192 1224 1396 1288 Philochorus.

272 1337 351 1398 (lum
373 1335 433 1415 his,
458 1357 535 1418 quos
559 1336 669 1406 ultimo
692 1335 762 1397 loco
785 1334 956 1417 appellavi,
981 1335 1076 1417 plane
1100 1335 1252 1398 convenit
1272 1334 1398 1398 Diodoro

274 1445 357 1528 apud
380 1445 552 1508 Eusebium
575 1469 605 1528 p.
630 1446 692 1509 323
717 1445 788 1508 coll.
813 1468 844 1527 p.
868 1445 931 1507 324
959 1447 990 1506 et
1013 1444 1159 1527 syncello
1182 1466 1213 1528 p.
1239 1445 1298 1508 247
1322 1449 1347 1507 Β
1373 1449 1399 1504 ct

274 1577 304 1637 p.
333 1557 396 1618 262
426 1561 467 1636 D,
507 1577 578 1618 cum
605 1555 801 1638 Hieronymo
829 1576 935 1617 rursus
964 1554 1025 1636 ipsi
1053 1554 1192 1617 Eusebio
1218 1554 1252 1617 Π
1277 1577 1307 1636 p.
1334 1554 1399 1616 211.

274 1665 409 1747 denique
433 1687 503 1727 cum
525 1664 698 1727 Nicomede
714 1664 866 1727 Marmori
889 1664 983 1727 Pario
1005 1687 1035 1726 v.
1053 1665 1093 1728 73
1116 1667 1147 1727 et
1170 1665 1211 1727 76
1232 1665 1283 1726 vel
1305 1685 1352 1747 ep.
1366 1665 1402 1727 ab

273 1779 304 1836 et
332 1775 383 1836 62.
434 1774 551 1848 Quodsi
580 1774 766 1837 brevissima
793 1795 934 1856 quamque
968 1773 1092 1856 imperii
1119 1773 1225 1855 spatia
1252 1774 1402 1857 iungimus

272 1883 466 1966 longissimis
494 1884 668 1966 quibusque
697 1885 859 1967 utriusque
887 1883 987 1966 regis,
1021 1882 1192 1967 eademqne
1222 1884 1346 1946 ratione
1371 1905 1402 1944 ea

273 2015 353 2075 (puae
376 1997 451 2055 sunt
472 1994 576 2056 media
604 1994 689 2056 inter
711 2015 745 2056 se
768 1993 980 2075 disponimus,
1010 1992 1135 2057 illorum
1157 1993 1403 2056 testimoniorum

274 2103 488 2185 discrepantia
511 2103 643 2165 solvitur
666 2107 813 2182 eatenuS,
842 2103 1003 2166 ut‘omnis
1026 2104 1243 2166 controversia
1265 2107 1404 2186 quattuor

274 2212 311 2274 ad
336 2235 492 2276 summum
515 2235 669 2276 annorum
687 2213 869 2276 discrimine
891 2216 1034 2275 vertatru
1056 2235 1277 2296 annorumque
1294 2233 1404 2276 summa

273 2323 435 2406 utriusque
468 2322 592 2405 imperii
622 2323 784 2386 coniuncti
817 2322 902 2385 inter
930 2323 1219 2406 quadragenarium
1249 2345 1405 2386 numerum

273 2436 304 2494 et
327 2433 635 2516 quinquagenarium
658 2433 819 2495 subsistat.
856 2432 943 2506 Quod
968 2432 1267 2497 mathematicorum
1292 2436 1407 2496 ratione

273 2542 427 2604 iloclarari
451 2545 556 2623 potest
578 2543 612 2605 in
635 2541 720 2605 hunc
742 2542 884 2607 niodum:

604 2652 773 2716 Perdiccae
818 2653 968 2715 Archelai

627 2764 704 2825 armi
727 2765 766 2826 41
795 2772 828 2838 -1-
876 2765 893 2825 7
917 2793 960 2818 =
980 2763 1022 2826 48

729 2875 770 2937 35
797 2880 830 2946 -l-
858 2873 898 2935 14
917 2901 961 2929 z
981 2874 1023 2935 49

729 2983 769 3045 28
796 2987 829 3052 ÷
858 2982 1023 3046 17:45

730 3093 770 3156 ‘23
797 3102 830 3169 -Ι-
855 3094 898 3156 24
918 3121 961 3148 =
981 3093 1022 3155 47

273 3206 383 3289 ltaque
407 3227 477 3268 cum
499 3206 538 3268 de
561 3226 683 3266 summa
706 3225 873 3284 annorum,
897 3225 974 3286 quos
997 3201 1160 3264 amborum
1181 3222 1299 3286 regum
1326 3205 1411 3287 impe

273 3316 353 3377 rimu
376 3317 532 3398 expleret,
558 3315 785 3397 propemodum
808 3313 993 3376 conveniret
1015 3311 1190 3392 historicis,
1220 3313 1264 3375 de
1289 3337 1330 3376 eo
1353 3321 1410 3377 tau·

272 3429 339 3488 tum
362 3425 461 3488 videri
484 3426 583 3507 possit
606 3424 787 3487 dubitatum
810 3445 893 3504 esse,
923 3421 1098 3506 quomodo
1125 3422 1295 3505 utriusque
1322 3443 1411 3509 reguo

272 3558 345 3597 sirus
368 3557 525 3598 annorum
547 3556 696 3597 numerus
718 3533 954 3596 distribuendus
978 3535 1069 3595 esset.

357 3647 401 3707 At
425 3667 497 3707 vero
520 3645 599 3706 haec
622 3644 752 3707 minime
780 3645 826 3707 ita
855 3665 922 3706 esse
955 3642 1152 3726 argumentis
1179 3641 1322 3706 docetur
1352 3667 1411 3728 gra·

272 3755 418 3817 vissirnis.
469 3755 599 3817 Etenim
627 3759 659 3816 et
689 3754 766 3816 illud
795 3753 1007 3835 reputandum
1036 3755 1098 3834 est,
1127 3773 1164 3814 ea
1193 3752 1232 3814 de
1266 3751 1410 3818 Archelai

271 3887 371 3948 regno
401 3864 599 3945 testimonia,
632 3887 712 3946 (luae
741 3865 843 3946 primo
872 3870 903 3925 et
924 3863 1020 3924 tertio
1048 3863 1117 3924 loco
1140 3861 1327 3944 posuimus,
1360 3883 1410 3928 rau

271 3999 339 4038 esse
367 3975 507 4038 diversas
536 3975 731 4036 diversorum
763 3973 956 4053 sententias,
995 3971 1049 4033 sed
1077 3993 1115 4034 ex
1145 3993 1208 4034 uno
1242 3974 1412 4058 eodemque

272 4084 410 4148 Diodoro
439 4088 580 4166 sumpta:
609 4084 677 4166 qui,
708 4084 734 4146 si
756 4106 806 4145 res
835 4083 880 4145 ita
902 4103 934 4144 se
958 4081 1104 4162 haberet,
1136 4080 1214 4143 adeo
1244 4083 1412 4165 dupliciter

339 4321 362 4388 *χ
382 4322 432 4386 [lle
451 4320 501 4372 hoc
522 4321 582 4372 ride
603 4319 829 4373 llisscrlutiomun
849 4319 910 4372 XVI
930 4319 1008 4372 huius
1028 4319 1191 4386 voluminis}
