2954 5134
779 1188 934 1295 XXI.

533 1404 808 1521 Gueuelogluu
839 1403 1177 1516 lillebonne)
1236 1472 1238 1476 ν

236 1783 272 1834 ΙΙΙ
370 1774 444 1837 Non
467 1795 539 1836 raro
562 1773 754 1856 audivimuS,
784 1773 896 1856 quibus
925 1795 1037 1856 parum
1064 1773 1338 1837 commendationis
1357 1773 1394 1834 ha-

286 1885 360 1947 bere
388 1885 514 1947 uberius
544 1884 603 1947 hoo
635 1887 666 1946 et
694 1883 837 1946 ornatius
865 1905 967 1967 genus
995 1884 1229 1966 prooemiorum
1256 1884 1394 1948 videretur.

286 2017 366 2076 <puae
400 1995 503 2076 vobis,
545 1994 792 2074 commilitones,
827 1993 910 2056 tradi
944 2017 1008 2056 una
1040 2016 1112 2057 cum
1139 1993 1294 2057 indicibus
1324 2014 1396 2056 seuu-

286 2104 398 2166 atrium
435 2103 614 2167 scholarum
658 2103 812 2167 hodierno
850 2103 1084 2167 academiarum
1122 2104 1270 2168 institute
1311 2105 1397 2166 solent.
1465 2153 1466 2194 3

285 2213 407 2297 Quippe
438 2215 607 2277 remotiora
641 2235 659 2276 a
694 2215 851 2276 eommmri
886 2237 944 2277 usu
981 2218 1220 2298 ceterarumque
1250 2213 1396 2277 rationibus

286 2323 527 2406 disciplinarum
559 2346 595 2387 ea
630 2328 820 2407 argumenta
856 2327 1004 2407 crepant,
1039 2345 1120 2408 quae
1154 2346 1225 2387 eum
1255 2326 1289 2389 iu
1312 2325 1398 2386 huruu

286 2456 349 2495 una
372 2434 439 2497 sola
462 2438 644 2515 versentur,
674 2437 705 2496 et
735 2433 775 2496 ad
798 2455 916 2516 paucos
939 2434 1123 2516 pertineant
1152 2437 1184 2497 et
1206 2457 1300 2518 saepe
1320 2439 1398 2497 osteu-

287 2544 403 2606 taudae
427 2545 529 2628 magis
552 2544 748 2607 umbraticae
765 2544 928 2608 doetrinae
951 2565 1096 2627 vanoque
1119 2545 1259 2608 acumini
1280 2541 1399 2608 iactando

286 2654 427 2716 seruiunt
455 2677 550 2737 quam
578 2654 767 2718 excitandae
797 2655 973 2717 industriae
1001 2657 1033 2717 et
1062 2653 1101 2717 ad
1125 2653 1350 2718 humanitatem
1366 2651 1398 2713 iu·
1464 2695 1465 2720 ;

286 2763 472 2827 formandae
499 2765 657 2828 iuventuti
685 2765 889 2828 adornentur.
946 2763 1005 2838 Qui
1039 2763 1122 2848 quod
1156 2766 1190 2828 in
1225 2765 1284 2828 hae
1317 2781 1399 2826 causa
1464 2737 1465 2760 t

286 2874 419 2936 nimium
443 2878 610 2956 accusant,
635 2897 675 2937 ue
698 2897 756 2938 nos
779 2874 905 2958 quidem
928 2873 1048 2936 habent
1071 2873 1313 2938 dissentientes:
1333 2869 1400 2935 mule

286 2987 371 3046 recte
395 2984 471 3047 illud
495 2985 609 3067 ipsum,
633 2985 707 3068 qnid
726 2985 768 3047 sit
789 2984 931 3066 nimium,
956 2983 1136 3047 definiatur.
1172 2983 1364 3068 Quamquam
1381 2979 1398 3038 Sl

287 3115 395 3156 verum
412 3095 554 3158 volumus
576 3095 681 3176 fateri,
706 3094 878 3157 verendum
901 3098 948 3157 est
971 3116 1048 3157 sane
1071 3115 1111 3156 ne
1127 3093 1320 3178 plerumque,
1341 3085 1399 3174 quid

287 3203 340 3265 isti
363 3203 546 3286 vituperant
569 3210 730 3289 tanlquam
753 3205 902 3287 pusillum
926 3208 957 3266 et
980 3203 1156 3288 levidense,
1181 3227 1240 3267 uos
1263 3197 1397 3288 probaturi

287 3313 383 3375 simus
406 3318 442 3376 ut
464 3314 759 3378 fnrcluosissiuuuu.
805 3314 910 3377 Tuuta
934 3317 982 3376 est
1005 3314 1148 3377 enimin
1171 3313 1350 3396 quibusdum
1367 3309 1398 3370 iu·

287 3424 367 3486 sitae
390 3425 437 3486 vie
460 3425 594 3489 inertiae
618 3448 634 3489 e
657 3427 788 3489 levitate
812 3429 844 3487 et
866 3424 1014 3506 superbia
1042 3423 1123 3486 belle
1152 3427 1352 3506 temperatae,
1376 3428 1397 3476 ut
1462 3495 1463 3518 ,

288 3557 328 3596 ue
350 3534 429 3597 illud
451 3535 577 3618 quidem
605 3537 682 3599 satis
711 3535 947 3620 perspexerint,
977 3534 1011 3597 in
1040 3533 1156 3597 litteris
1185 3533 1246 3596 etsi
1274 3533 1332 3596 alia
1350 3525 1399 3590 aliis

288 3644 428 3726 minora,
457 3648 566 3708 tamen
595 3647 635 3728 (si
660 3647 734 3709 licet
762 3649 874 3730 argute
903 3645 1002 3728 loqui)
1031 3643 1124 3706 nihili
1147 3665 1216 3706 esse
1246 3641 1334 3720 nihil,
1359 3657 1400 3699 Μ’

288 3755 326 3816 ad
356 3759 497 3818 ruentem
524 3757 673 3839 ingenuis
703 3757 824 3818 artibus
855 3755 1059 3818 erudiendam
1088 3757 1121 3816 ct
1150 3753 1190 3816 ad
1213 3753 1315 3816 omnia
1335 3766 1399 3833 prae·

290 3866 375 3928 clara
404 3867 588 3950 fingendam
615 3866 775 3948 probeque
805 3865 1014 3928 exercendam
1036 3863 1140 3948 magis
1163 3867 1319 3946 oportere.
1345 3851 1398 3940 qull

289 3975 443 4056 tradatur,
468 3999 563 4058 quam
583 3977 719 4059 (pridque
742 3997 803 4058 quo
825 3957 918 4038 mollo
939 3978 1104 4056 tractetur,
1125 3974 1273 4057 spectari.
1305 3963 1399 4033 uene
1461 3965 1462 3999 l

374 4191 398 4242 *J
431 4187 614 4256 [Prooemium
646 4187 731 4240 lrulici
762 4187 916 4239 scholarum
943 4186 1122 4240 hibernarum
1149 4184 1327 4238 Bouueusuuu
1352 4193 1392 4229 riu

290 4280 495 4333 curmxxxrx
514 4285 541 4333 et
559 4281 605 4333 XL
623 4281 822 4348 praemissum:
843 4280 916 4345 quod
935 4279 1045 4345 quidem
1063 4277 1182 4346 primum
1202 4277 1252 4330 fuir
1271 4293 1284 4329 e
1301 4275 1398 4326 Borean-

290 4373 366 4424 sibus
385 4372 473 4424 tribue
493 4377 519 4425 et
539 4374 761 4440 quiuquum'utal
