2942 5134
314 323 377 387 380
637 339 666 386 c.
691 340 835 388 nmsmu
858 339 1130 389 auannarronas

400 493 438 556 V.
456 494 517 556 248
540 492 675 557 Victorii
698 495 833 572 Θνητού(
856 496 886 558 r’
910 495 1041 572 ἔπαυςα,
1063 516 1125 577 quo
1148 497 1271 576 spectat
1291 495 1373 557 etiam
1390 503 1417 568 γ’

315 603 436 686 aliquot
457 604 609 667 librorum
632 626 759 685 prorsus
782 604 942 686 ineptum,
967 605 1012 668 sic
1032 607 1138 687 potest
1158 604 1293 685 defendi,
1315 610 1346 666 ut
1365 627 1417 667 con-

315 713 441 776 tinuare
473 713 680 777 Prometheus
714 714 890 777 orationem
922 714 967 778 eis
998 714 1134 779 voluisse
1168 717 1330 792 statuatur,
1359 737 1418 796 qua

315 828 445 906 propter
460 823 661 887 interiectam
678 825 765 888 chori
787 824 1072 908 interrogationem
1087 824 1188 888 libera
1211 825 1345 888 oratione
1358 824 1418 884 subi·

316 934 444 997 ciuntur
466 957 494 998 v.
518 935 591 1014 252,
615 934 700 998 bunc
725 936 791 998 fere
817 935 852 997 in
874 935 1016 998 modum:
1053 937 1217 1002 attolere
1244 940 1305 1014 πῦρ
1326 936 1418 998 daura,

399 1044 439 1109 V.
463 1045 526 1108 252
549 1048 606 1123 μέν
629 1067 679 1109 τοι
701 1044 886 1108 disiunctim
909 1045 1120 1109 scribendum.

400 1155 440 1217 V.
465 1155 526 1218 265
560 1160 615 1218 aut
637 1157 695 1220 τὸν
718 1162 822 1219 κακῶς
845 1159 1018 1235 updccovr'
1040 1156 1242 1220 scribendum
1266 1178 1331 1219 cum
1352 1159 1419 1218 tirin-

316 1265 387 1340 leio,
426 1265 574 1347 quoniam
608 1288 669 1348 qua
703 1271 779 1329 nota
808 1275 845 1330 α’(
873 1267 1056 1330 terminatio
1084 1288 1178 1348 saepe
1206 1265 1419 1350 significatura

318 1374 465 1456 librariis
490 1397 554 1438 nou
578 1375 738 1438 dissimilis
763 1398 800 1439 ea
823 1381 871 1439 cst
894 1376 1102 1458 apostropho:
1126 1381 1180 1439 aut
1201 1375 1240 1438 de
1262 1376 1420 1459 glossemate

316 1484 350 1546 in
383 1486 534 1568 proximis
564 1486 779 1569 cogitandum.
826 1486 900 1549 Non
928 1487 1014 1549 euim
1035 1485 1070 1549 in
1091 1484 1184 1549 huius
1207 1486 1291 1548 modi
1312 1483 1421 1546 transitu

317 1595 487 1678 requiritur
509 1600 544 1659 δὲ
567 1596 743 1679 particulae
766 1596 992 1680 ligamentum:

469 1707 681 1785 πρὰεεονταε·
719 1708 836 1771 attor
863 1709 956 1771 ταῦθ’
978 1707 1096 1770 ἅπαντ’
1119 1706 1301 1784 ἠπιετὰμην,

318 1814 406 1888 Quod
440 1814 609 1877 Elmsleius
643 1817 795 1898 coniecit,
836 1817 870 1880 εὖ
907 1820 941 1881 δὲ
971 1819 1065 1880 ταῦθ’
1092 1854 1149 1894 -‚
1182 1837 1248 1878 non
1280 1813 1422 1877 satisfacit:

318 1945 472 2006 personae
496 1926 581 1988 enim
604 1926 797 2009 significatio
821 1930 1032 2008 exspectatur.

403 2033 442 2097 V.
460 2037 522 2098 343
545 2058 610 2098 non
634 2036 900 2099 contemnendum
924 2039 971 2099 est
989 2039 1103 2118 θέλοις,
1127 2035 1210 2119 quod
1233 2036 1316 2118 apud
1332 2033 1422 2096 Rabu-

318 2144 429 2207 tellum
451 2149 482 2207 et
505 2145 692 2229 quibusdam
714 2147 749 2209 in
772 2146 931 2210 codicibus
954 2146 1086 2230 legitur:
1117 2146 1163 2208 ita
1186 2145 1272 2208 enim
1295 2141 1421 2207 sententia

318 2277 401 2318 nexa
424 2277 461 2318 cx
485 2257 551 2319 solo
579 2257 737 2339 loquentis
771 2257 929 2319 arbitratu
962 2259 1024 2338 est,
1059 2256 1155 2338 plane
1177 2258 1213 2317 ut
1235 2257 1262 2320 εἰ
1284 2255 1330 2318 καί
1350 2249 1422 2334 parti·

320 2365 408 2428 culae
431 2366 555 2448 positae
578 2371 652 2428 sunt
674 2365 819 2430 Platonis
843 2366 979 2429 Phaedri
1003 2369 1022 2445 ξ
1051 2367 1117 2429 143.

402 2474 443 2540 V.
471 2477 531 2539 347
548 2515 590 2525 —
606 2476 677 2539 372.
721 2476 794 2539 Non
829 2480 903 2540 sunt
937 2477 1015 2538 haec
1048 2475 1206 2558 prioribus
1237 2469 1420 2538 continuanda

319 2591 480 2666 tamquam
505 2586 684 2649 Promethei
708 2588 819 2650 verba:
849 2587 889 2648 ab
913 2587 1041 2649 Oceano
1064 2587 1169 2668 potius
1191 2585 1382 2666 proferuntur
1399 2604 1422 2639 a·

320 2695 461 2768 consilio,
488 2699 522 2757 ut
544 2696 568 2756 si
593 2697 658 2758 lieri
685 2697 783 2778 possit
801 2696 942 2758 Atlantis
965 2700 997 2757 et
1012 2694 1176 2777 Typhonis
1197 2693 1345 2776 exemplis
1364 2687 1422 2752 niti·

320 2809 413 2888 getur
447 2806 652 2868 inexorabilis
690 2805 792 2867 adhuc
831 2805 1013 2868 Promethei
1050 2803 1211 2866 atrocitas,
1236 2799 1422 2866 ‘Documcnu

320 2917 425 2976 autem
454 2916 508 2978 illa
538 2915 682 2996 exempla
713 2919 787 2978 sunt
815 2936 922 2978 eorum
958 2936 1040 2998 quae
1067 2914 1192 2976 dixerat
1219 2935 1249 2976 v.
1280 2913 1345 2977 318.
1371 2907 1421 2967 tlt·

320 3024 436 3098 Ouodsi
466 3046 535 3086 cum
564 3026 668 3088 vorbis
692 3025 828 3088 Oceani:
865 3029 996 3090 τοιαῦτα
1022 3024 1129 3102 μέντοι
1152 3028 1206 3101 τῆ(
1228 3023 1311 3100 ἄγαν
1332 3017 1422 3097 otuu·

321 3155 379 3211 pou
403 3136 543 3212 γλώεεη(
565 3136 730 3213 τάπίχειρα
752 3137 891 3212 γίγνεται
906 3173 948 3184 -
963 3134 1042 3198 haec
1065 3134 1275 3197 conteruntur
1297 3134 1336 3216 (v.
1356 3129 1422 3190 llll?

231 3251 300 3300 xxm
321 3244 357 3307 bc
388 3245 486 3308 αὐτὸν
527 3245 675 3324 ἐξέπληξε
713 3251 779 3310 τῶν
817 3247 995 3325 ὑψηγόρων
1032 3243 1281 3322 consuessem,
1317 3232 1421 3303 dubita

320 3354 430 3436 nequit
452 3354 528 3436 quin
551 3355 731 3417 Promethei
755 3357 916 3435 ὑψηγορία
937 3359 1079 3418 notetur:
1102 3335 1227 3437 quodsi
1251 3374 1335 3416 secus
1355 3352 1421 3410 esset

319 3464 352 3526 in
376 3465 565 3545 semetipse
589 3465 790 3527 inveheretur
813 3465 1030 3527 Prometheus,
1075 3465 1143 3527 Nec
1169 3463 1269 3526 anirni
1291 3463 1345 3524 ista
1365 3476 1422 3518 cun

321 3575 417 3635 motio
440 3575 501 3637 nisi
527 3575 559 3636 in
584 3575 712 3636 Oceano
740 3575 956 3638 misericordia
979 3577 1066 3636 tacto
1094 3573 1171 3636 satis
1202 3572 1420 3653 intellegeretur.

321 3705 378 3745 nce¹
403 3684 528 3746 terrens
557 3684 634 3746 adeo
658 3689 689 3747 ct
720 3685 913 3766 imaginibus
945 3683 1125 3746 redundans
1157 3683 1309 3745 orationis
1338 3696 1419 3762 guile

320 3794 455 3856 rnaxinre
479 3817 496 3855 a
520 3817 548 3856 v.
573 3795 649 3871 not,
690 3795 720 3856 in
746 3794 968 3856 Prometheum
992 3794 1193 3874 conveniret,
1233 3793 1282 3856 cui
1303 3792 1358 3853 iam
1376 3803 1419 3846 uel

321 3908 368 3966 est
391 3905 490 3966 otium
514 3905 618 3966 aliena
647 3905 731 3965 mala
760 3903 967 3966 lamentandi.
1013 3903 1043 3967 V
1046 3903 1212 3966 aticininm
1241 3906 1340 3966 autem
1367 3887 1419 3955 illul

320 4014 430 4096 qiudni
468 4015 614 4077 Oceanus
651 4014 790 4096 potuerit
824 4035 841 4076 a
875 4017 997 4076 matre
1033 4013 1230 4096 comperire?
1286 4011 1418 4073 Praene

321 4125 445 4206 mirum,
474 4124 525 4205 qui
550 4146 587 4187 ex
611 4124 834 4186 incitatissimo
855 4124 977 4205 impetu
1001 4124 1161 4206 placidum
1183 4122 1286 4184 subito
1307 4140 1339 4180 ac
1358 4109 1419 4174 sels·

321 4237 388 4294 tum
403 4257 432 4296 v.
450 4235 512 4297 373
536 4237 627 4296 excat
649 4234 803 4296 orationis
826 4233 953 4296 firmien.
986 4234 1084 4317 Atqui
1107 4233 1132 4296 si
1155 4253 1263 4294 verum
1285 4229 1417 4291 fateamur·

322 4363 361 4406 ue
385 4344 409 4405 si
434 4344 561 4406 Oceano
590 4343 714 4426 quidem
745 4344 850 4426 priora
880 4344 1079 4424 tribuuntur,
1108 4346 1144 4405 ut
1172 4345 1246 4404 sunt
1271 4328 1417 4402 tribunali.
