2982 5146
318 333 376 393 112
617 349 866 394 eonomarurn
890 349 1158 396 ursevrarrours

399 500 572 562 Attulimus
596 521 632 562 ea
656 505 861 583 argumenta,
886 501 999 583 quibus
1023 524 1084 564 non
1106 501 1307 564 mediocriter
1322 503 1447 582 infringi

314 610 404 671 istius
428 613 626 689 διορθώεεω(
649 612 743 673 tidem
765 633 847 674 unus
870 612 1000 695 quisque
1023 613 1151 675 sentiet.
1197 612 1314 686 Quodsi
1339 613 1447 696 aliquid

314 720 411 783 etiam
427 720 460 783 in
477 721 536 783 hoe
552 743 669 802 genere
686 743 777 802 posse
790 720 1008 784 Alexandnnn
1025 744 1096 785 eum
1108 721 1317 804 Lyeoplnone
1334 724 1448 805 pericli-

313 834 416 893 tatum
439 853 507 894 esse
531 831 677 893 nolumus
693 811 884 894 obstinatius
907 854 1085 916 pernegare
1101 833 1134 896 in
1156 833 1257 895 tantis
1279 833 1448 896 studiorum

313 941 439 1003 illorum
461 941 618 1004 tenebris:
643 941 744 1004 eidem
773 946 882 1004 tamen
910 943 1126 1026 intellegimur
1153 943 1269 1005 mirum
1302 960 1448 1026 quantun

313 1051 404 1115 liuius
426 1053 597 1114 memoriae
621 1057 653 1114 et
680 1052 869 1114 tenuitatem
900 1056 931 1114 et
954 1052 1181 1115 obscuritatem
1209 1053 1343 1116 alterius
1371 1057 1448 1117 teni-

314 1163 411 1224 monii
435 1163 658 1226 eonnnoditate
682 1167 777 1245 atque
800 1162 961 1225 evidentia
983 1163 1136 1245 superari.
1175 1163 1265 1226 Nihil
1287 1168 1338 1226 est
1360 1165 1447 1228 enim.

312 1272 394 1354 (prod
423 1273 456 1335 in
484 1273 568 1336 illius
597 1272 712 1335 aetatis
741 1273 986 1356 grammaticum
1014 1274 1119 1358 magis
1149 1273 1259 1354 eadat,
1294 1297 1391 1358 quam
1418 1302 1447 1336 eu

313 1383 382 1464 ipsa
410 1384 591 1464 provincia,
621 1405 715 1466 quam
744 1404 815 1445 eum
845 1383 1007 1446 Zenodoto
1035 1384 1254 1447 Alexandrum
1277 1384 1445 1467 Lycophro-

314 1515 447 1576 nemque
469 1486 655 1556 unstirruiose
680 1493 844 1555 Plautinus
867 1495 1039 1557 scholiasta
1062 1493 1211 1576 prodidit.
1248 1493 1398 1562 Etenim.
1421 1513 1446 1556 m

312 1603 352 1666 ad
369 1604 488 1686 reliqua
511 1604 617 1666 ot'lieia
639 1604 840 1684 grammatici
856 1603 987 1666 transiri
1003 1608 1125 1686 posset,
1144 1603 1202 1666 boe
1219 1609 1268 1666 est
1283 1604 1325 1666 ad
1342 1605 1447 1666 instaur

314 1714 551 1796 legitimamque
579 1715 762 1792 oropburcrv,
796 1715 956 1794 ἐξήγηειν,
985 1714 1082 1792 uetur
1112 1717 1143 1776 et
1170 1715 1286 1792 τέχνην
1316 1735 1446 1794 γραμμα-

312 1827 414 1902 τικήν,
438 1829 564 1907 praeter
581 1830 685 1886 eetera
702 1825 875 1887 curandum
892 1823 969 1886 illud
986 1827 1070 1905 erat,
1096 1828 1146 1904 ut,
1171 1846 1248 1907 quae
1267 1845 1446 1907 graeearmu

315 1934 491 1996 litterarum
521 1934 643 2016 erqrias,
672 1934 788 2016 ubique
816 1939 973 1996 terrarum
1001 1939 1098 1996 antea
1126 1933 1298 2016 dissipatas
1323 1936 1445 1998 needuu

312 2019 353 2105 rib
381 2067 444 2106 uno
469 2045 595 2106 homine
624 2045 717 2126 plene
741 2066 888 2126 umquam
917 2043 1064 2125 eoguitas
1088 2044 1137 2105 vel
1165 2043 1259 2106 simul
1286 2049 1445 2108 tractabo.

312 2154 366 2215 illo
388 2159 530 2236 tempore
553 2154 689 2236 primum
712 2154 800 2235 regia
825 2153 1043 2216 nunrilieentia
1066 2175 1164 2215 mumr
1186 2153 1220 2216 iu
1247 2153 1355 2216 locum
1385 2177 1446 2217 eou-

311 2269 470 2344 qesserat,
505 2287 561 2326 eae
595 2271 629 2326 ut
662 2287 785 2326 rursum
825 2287 862 2325 ex
897 2264 975 2325 artis
1008 2263 1185 2325 rationibus
1221 2263 1445 2347 digererentur.

312 2375 497 2454 diligentius
521 2397 601 2458 quae
625 2374 795 2457 qualesque
819 2378 849 2435 et
873 2379 1012 2456 quantae
1034 2373 1165 2436 tandem
1182 2379 1288 2436 essent
1313 2375 1444 2458 explora-

311 2490 437 2567 rentur,
462 2486 632 2568 generibus
656 2484 843 2567 quibusdam
866 2489 898 2546 el·
921 2484 1074 2546 classibus
1102 2487 1170 2546 tum
1197 2483 1445 2566 dispeseerentur

310 2601 378 2657 tum
402 2596 677 2676 eonmeinmrdur,
702 2595 914 2677 perlustratur·
938 2593 1089 2677 denique,
1115 2593 1327 2674 diiudicatae,
1355 2597 1446 2658 deter-

261 2721 292 2766 aa
312 2705 451 2767 minatae
480 2706 599 2768 elrartio
628 2706 904 2787 eorrsignarentur.
950 2704 998 2767 De
1025 2728 1086 2787 quo
1115 2727 1179 2766 non
1209 2705 1335 2786 reperio
1363 2729 1445 2788 qur-m

311 2815 549 2898 intellegentiua
572 2815 749 2897 disputasse
772 2838 867 2898 quam
891 2814 1093 2897 Rudolpbum
1116 2813 1330 2877 Selnnidtimn
1352 2816 1445 2878 dir-aur

310 2925 547 2988 Selrediasnrete
576 2925 614 2988 de
638 2925 928 2988 lllexamlrinormn
956 2925 1167 3008 grammatica
1197 2924 1292 2987 Halis
1319 2948 1349 2988 a.
1375 2926 1445 2988 1le

310 3034 395 3096 odito
411 3059 442 3116 p.
462 3037 510 3099 11⁴.
542 3037 592 3099 lta
608 3036 663 3098 illa
679 3041 756 3098 nata
780 3041 828 3097 est
851 3035 1024 3097 historia
1047 3035 1295 3107 litterarum,
1321 3035 1375 3097 sar
1400 3035 1444 3096 ill..

310 3147 540 3222 grammaticae
570 3151 601 3208 et
630 3146 808 3209 noeumane
838 3144 991 3226 adiutrix,
1027 3166 1107 3228 quae
1135 3145 1177 3207 ab
1205 3145 1349 3208 externis
1377 3168 1444 3206 saue

310 3259 342 3317 et
364 3255 559 3318 ¹oeeuudariia
584 3255 761 3318 rationibrm
785 3256 944 3337 profecta,
973 3255 1140 3338 paullatim
1163 3255 1217 3316 sed
1242 3277 1312 3318 sero
1336 3256 1369 3318 in
1393 3255 1434 3316 di-

310 3365 449 3447 eiplinae
483 3367 619 3428 ferinam
648 3369 758 3428 eroeta
787 3371 844 3428 eut.
892 3366 969 3428 llius
998 3365 1208 3427 fundamenta
1235 3365 1321 3428 iaeta
1346 3387 1410 3427 esse
1429 3387 1443 3424 a

309 3476 505 3539 (⁴allimaelro
535 3478 659 3556 volunt,
689 3476 727 3539 de
757 3477 844 3538 euius·
876 3479 997 3538 Tabulis
1031 3475 1243 3538 celeberrimis
1278 3476 1311 3538 iu
1340 3476 1443 3556 rubui-

310 3591 445 3648 ronstat.
478 3587 637 3650 Sueeemit
653 3585 882 3648 Eratosthenes
907 3584 1000 3648 editio
1017 3587 1088 3664 περὶ
1104 3586 1272 3668 κωμῳδία(
1295 3606 1442 3647 eommun-

309 3695 409 3757 tariis,
442 3697 498 3759 (bi
522 3697 629 3758 neseio
652 3719 693 3758 au
718 3719 781 3759 non
805 3696 921 3758 iniuria
938 3695 1143 3777 Apollonium
1160 3694 1320 3757 lllrodimn
1342 3695 1441 3776 iunga-

310 3827 394 3868 mus:
423 3827 497 3867 nam
525 3807 609 3868 lnme
633 3807 738 3888 aliquo
761 3807 841 3869 libro
865 3813 902 3870 dr*
923 3818 1084 3884 poetarum
1105 3827 1289 3882 praecorum
1311 3811 1441 3868 mernorr'r

309 3929 548 3994 aeternorumque
569 3924 736 3980 carminum
760 3921 1109 3980 1111111111111111111111111
1136 3914 1264 3978 uberius
1295 3935 1439 3978 eoumreu·

308 4031 409 4088 latum
441 4049 523 4105 esse,
555 4026 637 4089 lmud
667 4028 810 4109 prol'oeto
839 4026 946 4108 inepte
976 4025 1173 4088 lluetaellius
1203 4025 1376 4107 disputarit
1408 4022 1438 4082 dr·

309 4136 431 4199 emend,
456 4136 619 4220 'Plreogon
646 4137 775 4199 Hosiod.
799 4159 830 4219 p.
855 4136 928 4198 ³288.
975 4137 1089 4198 iterius
1112 4140 1219 4197 autem
1241 4134 1327 4198 lrane
1351 4141 1436 4197 artem

309 4246 465 4309 excultam
490 4253 537 4328 et,
562 4253 716 4330 quantum
739 4247 865 4330 quidem
890 4246 934 4308 illi
960 4247 1057 4308 aetati
1081 4267 1282 4327 eoncessum,
1308 4264 1434 4308 eonsum-

307 4360 425 4417 matam
468 4357 636 4438 perbibmrt
674 4357 904 4419 immortalilms
943 4355 1168 4436 Aristophanis
1205 4355 1433 4434 Aristarebiqur
