2952 5132
430 339 550 390 nnnvn
573 339 832 392 scnrnrosrnvs.
1142 323 1205 392 463

77 495 147 560 tum
177 493 235 560 hoc
268 495 369 580 igitur
399 495 584 560 testimonio
619 495 817 560 commodum
849 495 912 560 luit
939 494 1205 579 Harpocratiom's

74 605 204 688 glossam
231 604 290 688 (fr.
315 603 406 690 xlv)
442 625 641 688 componere.
696 606 863 690 Apparere
896 607 1004 670 nutem
1031 627 1070 668 ex
1097 605 1204 670 allatis

75 713 198 797 videtur,
220 713 378 796 imprimis
399 713 590 798 diligentem
612 715 647 778 in
668 715 795 780 urbium
817 715 1045 800 regionumque
1067 715 1204 798 descrip-

74 824 152 886 tione
172 823 335 906 Marsyam
359 823 469 888 luisse.

148 932 314 1017 Iungimus
341 954 428 998 nunc
455 931 523 1016 his,
550 954 632 1017 quae
655 933 714 998 etsi
736 956 802 998 non
825 937 874 998 est
895 934 1055 1018 proditum
1077 955 1115 1000 ex
1137 935 1205 1000 Ma-

74 1041 222 1106 cedonicis
244 1046 371 1126 sumpta
394 1063 479 1125 esse,
502 1045 613 1106 tamen
634 1043 783 1109 tenuibus
806 1043 948 1126 indiciis,
965 1067 1026 1128 quo
1041 1045 1135 1110 modo
1150 1067 1205 1128 po-

72 1151 182 1215 tuerint
208 1152 245 1216 in
267 1151 312 1216 eis
334 1151 439 1216 locum
461 1151 595 1234 habere,
624 1153 821 1236 significant.
872 1152 1129 1220 Consentaneum
1156 1158 1205 1218 est

72 1261 148 1324 cuim
173 1261 262 1344 prius
284 1283 380 1346 quam
402 1261 441 1326 de
461 1262 572 1346 quovis
595 1262 658 1328 alio
681 1263 804 1328 incerto
827 1262 970 1347 cogitare
992 1263 1031 1328 de
1053 1286 1090 1328 eo
1111 1264 1203 1346 libro,

71 1392 155 1453 quem
175 1393 250 1436 vere
278 1374 464 1455 usurpatum
492 1371 640 1436 manibus
668 1372 879 1456 posteriorum
907 1373 1097 1457 scriptorum
1125 1374 1204 1440 satis

72 1483 149 1544 certo
168 1481 323 1546 norimus.

146 1589 252 1676 (XVI)
275 1590 461 1656 Athenaeus
483 1589 530 1656 Xl
554 1613 585 1674 p.
602 1591 663 1656 467
688 1597 724 1656 O:
752 1593 934 1672 Παρθένιος
959 1594 979 1658 ὁ
1002 1597 1061 1660 τοῦ
1084 1596 1203 1681 Διονυ-

70 1699 130 1764 ιίου
150 1701 185 1767 έν
208 1702 329 1784 πρώτῳ
356 1703 429 1782 περὶ
457 1705 525 1768 τῶν
552 1702 640 1782 παρὰ
662 1705 729 1767 rol<
755 1702 922 1782 ἱοτορικοῑτ
951 1704 1070 1772 λέξεων
1092 1709 1203 1783 ζητου-

70 1811 165 1884 μένων
194 1810 286 1892 φηιί·
322 1811 659 1891 γυάλαο’ποτηρίου
687 1810 791 1891 sibor,
814 1813 860 1878 ὡι
883 1814 1066 1894 Μαροόαε
1087 1814 1204 1896 γράφει

71 1917 231 1998 oleatae
253 1924 323 1985 τοῦ
344 1921 598 2000 Ἡρακλέους,
621 1905 724 1986 obsura
749 1921 847 1988 «ὅταν
868 1922 944 2006 strip
959 1922 979 1987 ό
995 1925 1139 2004 βατιλεὺ(
1160 1923 1204 1990 εἰ(

70 2030 120 2106 τὴν
139 2031 245 2112 πόλιν,
269 2033 429 2096 (υναντᾶν
451 2030 545 2114 οἴνου
566 2031 670 2110 πλήρη
693 2031 816 2108 γυάλαν
839 2031 957 2111 ἔχοντά
977 2053 1062 2112 τινα,
1088 2035 1147 2101 τόν
1168 2035 1204 2099 δέ

70 2139 199 2216 λαβόντα
221 2140 397 2206 επένδειν.»
426 2139 475 2204 De
492 2138 701 2204 Macedonica
723 2142 801 2204 urbe
823 2140 902 2204 haec
924 2143 1049 2206 narrari
1071 2163 1137 2206 non
1158 2145 1204 2206 te-

69 2267 144 2310 mere
166 2247 327 2312 conicitur
349 2270 389 2314 ex
409 2248 516 2334 Etym.
538 2249 583 2315 M.
606 2271 638 2334 p.
657 2250 731 2332 243,
748 2251 787 2316 13
814 2249 1037 2335 Hesychioque
1058 2251 1074 2316 I
1094 2274 1126 2336 p.
1141 2251 1204 2318 865

71 2351 145 2438 [449,
161 2357 202 2422 86
224 2357 366 2446 Schm.]:
392 2361 513 2436 γυάλαο
537 2358 622 2425 sibor
645 2360 800 2438 ποτηρίου
823 2361 909 2439 παρὰ
933 2362 1112 2429 Μακεδόειν
1135 2362 1203 2446 (ubi

69 2467 177 2540 γυλλὰτ
200 2471 233 2531 ct
257 2468 459 2535 Μακεδόνων
483 2469 581 2534 codex
596 2467 775 2554 Hesychii).
803 2470 852 2533 Ac
874 2465 1055 2534 sacerdotes
1077 2471 1203 2555 quidem

69 2575 203 2640 novimus
226 2577 407 2660 complures
429 2577 600 2660 scriptores
622 2599 755 2663 graecos
780 2575 880 2664 [cuius
896 2579 943 2643 rei
966 2581 1110 2664 exempla
1132 2581 1204 2646 vide

69 2683 256 2769 aKlippelio
280 2687 414 2751 collecta
438 2687 490 2751 ‘de
504 2687 615 2752 Museo
630 2688 862 2752 Alexandrino'
880 2689 1042 2774 (Gotting.
1059 2712 1089 2754 a.
1108 2689 1203 2774 1838)

69 2794 196 2879 p.10'l]:
218 2795 384 2860 Pellaeum
403 2799 509 2860 antem
525 2797 698 2881 Marsyam,
716 2797 783 2862 ludi
800 2799 991 2883 magistrum
1007 2799 1203 2884 eundemque

69 2900 170 2968 ducem
192 2906 360 2989 navalem,
384 2907 515 2970 vixerit
534 2907 701 2990 quietiam
723 2907 900 2973 sacerdotio
922 2929 1040 2994 augere
1062 2909 1204 2974 animum

68 3009 198 3078 inducat.
246 3015 396 3080 Ceterum
422 3015 590 3080 Parthenii
621 3017 777 3101 magister
805 3017 860 3082 ille
887 3017 1059 3102 Dionysius
1088 3017 1204 3084 Suidee

68 3127 189 3202 quartus
211 3127 263 3188 est
284 3124 370 3188 inter
392 3125 614 3211 cognomines,
630 3125 869 3191 Alexandrinus
884 3127 1023 3212 quidem,
1040 3149 1059 3192 a
1074 3127 1203 3194 Nerone

68 3229 102 3292 ad
122 3230 297 3298 Traianum
320 3234 440 3300 clarus:
463 3235 535 3299 vide
557 3235 697 3300 Fabricii
720 3233 809 3301 Biblt
822 3257 871 3322 gr.
888 3236 936 3302 lv
950 3259 982 3322 p.
994 3239 1058 3303 309
1073 3237 1165 3303 Harl.

142 3341 264 3426 (XVII.
281 3341 407 3430 XVIII)
429 3344 533 3428 Ipsius
556 3347 588 3408 et
611 3346 793 3430 argumenti
815 3349 848 3409 et
867 3347 931 3410 loci
954 3347 1114 3412 affinitate
1136 3351 1203 3412 tam

68 3449 230 3515 coniuncta
254 3473 325 3515 cum
347 3453 470 3529 γυάλου
499 3455 798 3520 commemoratione
825 3455 905 3532 haec
938 3460 1013 3520 sunt
1041 3456 1203 3522 Athenaei

67 3553 107 3619 Xl
127 3581 157 3642 p.
172 3561 236 3625 477
254 3566 296 3626 A:
322 3569 516 3624 κιίεΥΒΙοΝ·
541 3613 593 3628 ...
624 3565 812 3645 Κλείταρχος
834 3567 871 3631 δέ
890 3587 984 3648 φηςιν
998 3567 1123 3634 Αἰολεῖ(
1144 3570 1202 3634 τόν

67 3668 181 3749 tripos
204 3670 363 3752 xrccrlllrov
378 3673 501 3738 καλεῖν·
524 3674 707 3753 Μαρεόαι
729 3677 765 3740 δὲ
780 3675 941 3744 κύπελλον
955 3677 1006 3742 καλ
1020 3677 1058 3742 τό
1072 3678 1202 3744 ξύλινον

67 3779 231 3858 ποτήριον,
267 3782 300 3844 ct
326 3779 446 3845 ibidem
473 3803 504 3864 p.
527 3783 590 3846 479
614 3789 650 3847 0:
681 3793 836 3846 ΚοΤΥΛΗ·
942 3787 1058 3866 κοτύλη
1086 3789 1122 3852 δὲ
1149 3809 1201 3852 κα-

66 3885 155 3950 λεῖται
175 3891 227 3953 καὶ
249 3890 269 3968 ἡ
292 3893 351 3955 τοῦ
373 3890 473 3970 ἰτχίου
496 3892 657 3972 κοιλότης·
673 3943 679 3956 .
696 3943 727 3958 ..
751 3895 936 3973 Μαροόατ
957 3898 993 3961 δέ
1009 3917 1084 3976 φηει
1106 3899 1144 3961 τό
1166 3898 1201 3962 ἐν

66 3998 106 4076 τῷ
127 3995 214 4084 lexim
239 3997 357 4064 tcrotv
381 4002 537 4064 scistellus
559 4000 687 4097 ἄλειεον
710 4003 760 4066 καλ
777 4003 901 4086 κύλικα,
926 4008 962 4068 ut
975 4025 1140 4068 vereamur
1160 4027 1201 4070 ne

66 4099 100 4164 de
113 4109 324 4188 grammatico
340 4107 468 4192 Marsya
490 4109 756 4175 inconsideratius
773 4111 1092 4199 Schweighaeuserus
1116 4114 1201 4198 cogi-

66 4211 145 4278 tarit.
182 4213 260 4291 Quis
277 4217 362 4281 enim
377 4241 494 4302 quaeso
510 4241 547 4283 ex
563 4219 779 4285 Macedonicis
801 4221 905 4306 ipsum
927 4222 1004 4286 illud
1027 4223 1066 4286 de
1080 4205 1202 4300 γυόλαε

66 4320 278 4388 testimonium
300 4329 491 4409 repetiturus
514 4332 613 4412 esset,
642 4330 705 4394 nisi
725 4330 859 4396 fortuito
886 4335 1012 4438 servata
1041 4353 1200 4418 gramma-
