2954 5134
341 370 601 420 onorrouosrvu
621 369 902 420 vruuosounusn.
1124 354 1187 420 571

141 525 179 590 60
205 525 331 611 (έξτου]
361 523 495 590 Habent
527 525 613 590 Max.
642 529 675 589 et
701 524 780 588 Ant.
810 523 916 588 LVIII
946 546 977 608 p.
1001 524 1057 608 96,
1086 523 1129 588 35
1156 527 1188 588 et

69 635 273 700 Roissonadius
294 637 309 701 Ι
332 659 363 720 p.
389 633 461 701 125.

139 745 173 810 61
195 747 377 832 μνετήριον]
400 745 607 810 Demonactis
629 745 713 830 apud
730 747 851 810 Antan.
869 743 1052 812 CXXXVII
1068 767 1099 830 p.
1112 745 1186 829 217,

68 855 115 939 24,
146 856 210 920 sine
241 853 380 922 ductoris
412 856 541 920 nomine
575 855 659 940 apud
691 855 935 920 Boissonadium
963 855 1097 938 ibidem,
1133 856 1187 920 uhi

67 967 168 1030 rectius
188 967 340 1051 scriptum
364 969 423 1048 τὴν
446 967 564 1049 φιλίαν.
616 964 798 1054 [Praeterea
826 967 968 1052 ἐκφήνῃε
990 965 1093 1030 scribe
1116 987 1188 1030 cum

68 1073 230 1166 hiemettis]

137 1186 174 1251 66
193 1188 345 1273 ποικιλίᾳ]
365 1189 426 1274 ἥδῃ
448 1187 566 1252 excidit
588 1186 639 1252 vel
661 1186 765 1264 simile
787 1185 946 1271 quiddam.

137 1296 175 1363 66
195 1297 355 1366 ἀδύνατόν
387 1297 460 1386 ἑετι]
498 1297 568 1364 Hoc
596 1319 720 1384 quoque
748 1297 868 1362 editum
899 1319 919 1362 a
941 1295 1150 1363 Boissonadio
1172 1299 1186 1364 Ι

68 1429 92 1489 p.
115 1406 168 1473 125
187 1429 233 1494 sq.

138 1517 218 1586 7Οὸ
255 1519 355 1586 αὐτὸ(
391 1518 596 1608 θεαεάμενοε]
630 1518 789 1584 Videntur
821 1519 883 1584 duo
916 1519 1189 1606 apophthegmata

67 1627 216 1693 coaluisse:
238 1651 301 1694 neo
323 1630 409 1693 enim
432 1631 466 1694 in
489 1613 687 1713 olaooetpov'
702 1629 885 1712 εὐπρεποῦ(
899 1632 1049 1708 γυναικόε
1065 1631 1190 1710 ἐρῶντα

67 1738 197 1804 convenit
217 1741 296 1806 τοὺε
316 1743 376 1806 τοῦ
400 1739 544 1820 εώματοε
567 1739 699 1821 ἐραετὰε
725 1743 929 1819 μεταγαγεῖν,
958 1745 990 1804 et
1018 1761 1092 1804 vero
1114 1739 1189 1804 Dio-

66 1848 129 1931 geni
148 1870 166 1913 a
187 1849 333 1936 Diogene
356 1849 483 1914 Laertio
505 1848 567 1932 VI,
590 1849 633 1916 68
655 1853 688 1914 et
704 1850 841 1914 Arsenio
863 1873 895 1935 p.
911 1849 971 1914 201
996 1849 1055 1914 hoc
1078 1849 1189 1914 tribui·

66 1962 120 2022 tnr:
150 1962 344 2040 θεαεὰμενοε
375 1960 536 2041 μειράκιον
570 1964 842 2043 φιλοεοφοῦν,
876 1959 968 2039 εὖγε,
999 1959 1107 2038 εἶπεν,
1141 1961 1190 2026 δτι

65 2071 127 2133 τοὺ(
143 2075 198 2136 τοῦ
220 2073 368 2152 εώματοε
391 2071 523 2150 tpatrdc
552 2071 603 2136 έπλ
630 2071 668 2137 τὸ
685 2075 742 2151 τῆς
764 2073 870 2152 ψυχῆς
896 2071 1014 2137 κάλλος
1036 2072 1256 2150 accersitam

66 2175 104 2242 Ue
124 2179 305 2266 οΙκοφθόρῳ
331 2185 439 2245 autem
466 2181 540 2265 quid
569 2185 735 2246 rrarratum
762 2181 876 2263 faerit,
905 2201 972 2244 non
994 2181 1189 2265 repperimus

65 2288 138 2354 alibi.
184 2289 245 2357 Sed
272 2292 354 2356 haec
380 2289 442 2354 duo
471 2311 542 2356 cum
569 2290 793 2374 miscerentur,
828 2289 979 2356 credibile
1011 2294 1060 2354 est
1092 2290 1187 2354 etiam

66 2399 206 2481 Διογένη(
233 2421 352 2466 nomen
380 2401 535 2466 excidisse
563 2405 595 2466 et
623 2401 725 2465 solum
752 2401 771 2466 ὁ
800 2401 898 2467 αὐτὸ(
929 2401 1076 2465 relietum
1109 2421 1188 2485 esse,

66 2509 134 2592 quod
160 2511 273 2576 deinde
301 2510 363 2596 ipsi
391 2511 485 2576 initio
518 2515 777 2596 praeponeretur.
830 2511 1028 2594 Quamquam
1050 2509 1069 2574 ὁ
1091 2511 1190 2576 αὐτὸ(
1294 2557 1299 2568 ·

66 2618 147 2684 verba
172 2643 236 2687 non
260 2643 435 2707 numquam
462 2622 559 2687 eliam
582 2622 772 2687 oscitantiae
794 2625 913 2686 temere
944 2619 1190 2686 transcribentis

66 2725 213 2816 debentur,
235 2736 273 2796 ut
295 2732 330 2796 in
353 2730 555 2796 Boissonadii
577 2731 700 2796 Anecd.
725 2731 757 2796 Π
778 2752 810 2815 p.
833 2731 907 2796 467.

135 2841 172 2905 74
192 2843 326 2928 πράεεῃ]
356 2842 505 2907 Fortasse
533 2843 690 2928 πράεετγε,
718 2841 782 2906 nisi
803 2861 849 2908 nc
871 2840 1033 2906 exciderit.
1073 2841 1188 2918 Quam-

65 2969 145 3030 quam
164 2973 204 3017 ne
224 2954 287 3018 hoo
310 2951 437 3037 quidem
463 2951 690 3018 necessarium.
736 2949 954 3038 [Ἀπαιδεύτου
976 2975 1006 3016 v.
1024 2951 1064 3016 73
1087 2973 1188 3016 corre-

65 3057 102 3122 xit
120 3059 313 3150 Menekine]

136 3173 173 3236 74
200 3173 377 3256 ἄνθρωποι
407 3173 626 3257 μιαρολογῶν]
655 3171 766 3237 Edidit
794 3174 891 3238 etiam
919 3171 1145 3236 Boissonadius
1173 3172 1188 3238 l

65 3299 89 3358 p.
111 3281 175 3348 126.
233 3299 240 3320 ’

138 3391 175 3456 76
196 3395 276 3462 ὅταν
303 3393 506 3481 λοιδορηθῇε]
531 3393 648 3458 Exstat
669 3392 788 3458 ibidem
815 3397 847 3456 et
874 3391 908 3456 in
931 3391 998 3456 Nili
1020 3391 1188 3456 sententiis

65 3500 134 3580 apud
154 3503 307 3570 Orellium
329 3503 345 3568 I
367 3527 399 3588 p.
423 3503 496 3569 330.

136 3612 173 3678 79
195 3613 295 3702 [Quae
317 3617 493 3698 sequuntur
515 3617 665 3698 quattuor
687 3612 883 3694 sententiae,
907 3631 961 3676 eas
984 3633 1001 3676 e
1022 3611 1188 3696 Theophy·

65 3715 129 3783 lacti
149 3721 342 3790 Simocattae
364 3721 509 3808 epistulis
531 3723 649 3807 petitas
672 3745 740 3785 esse
769 3721 877 3787 docuit
899 3721 1125 3786 Boissonadius
1148 3720 1188 3784 ad

65 3823 233 3898 Philostrati
256 3835 361 3918 Epist.
385 3832 565 3919 p22091q.
608 3832 652 3897 Et
674 3832 811 3916 primam
832 3832 960 3917 quidem
981 3855 1012 3896 v.
1031 3833 1072 3896 79
1093 3833 1189 3912 Ἀνὴρ

66 3935 223 4019 talotenus
246 3967 285 4010 ex
308 3945 401 4029 epist.
426 3944 461 4026 8;
482 3981 526 3994 -
547 3966 576 4007 v.
594 3943 635 4007 82
656 3943 693 4009 Τί
715 3947 794 4022 δῆτα
815 3943 854 4009 τὸ
878 3944 975 4010 κενὸν
997 3963 1035 4006 er
1058 3963 1106 4024 ep.
1131 3941 1188 4024 793

65 4079 100 4094 ·-
117 4071 145 4114 v.
166 4053 205 4118 83
226 4056 355 4122 ‘Oblrou
376 4059 481 4136 χεῖρε(
503 4075 541 4118 er
565 4075 614 4137 ep.
640 4053 696 4136 833
717 4091 760 4102 —
781 4076 809 4118 v.
832 4053 874 4116 85
895 4053 928 4119 Εἰ
953 4054 1054 4132 λύπη(
1081 4051 1187 4131 ἐθελή-

65 4163 327 4253 mmmffil

137 4271 177 4336 84
205 4275 359 4361 Πλάτων]
394 4275 432 4340 In
465 4272 594 4358 scriptis
632 4271 759 4356 quidem
788 4271 934 4339 Platonis
970 4291 1037 4334 non
1070 4275 1186 4336 exstat.

69 4369 293 4468 [theophylacti
321 4385 458 4470 epistula
485 4385 526 4450 85
555 4403 627 4448 cum
654 4382 770 4448 lemma
796 4383 912 4448 habeat
938 4381 1079 4448 Πλάτων
1108 4383 1186 4448 Διο-
