2952 5132
428 363 548 411 anavn
571 361 832 412 scarrroaravs.
1135 346 1198 412 453

61 518 147 579 tatur
159 565 169 598 ,
201 515 284 580 ratio
321 515 548 598 intercesserit,
583 515 772 599 perdifficile
805 515 892 579 dictu
925 517 974 578 est
1005 515 1060 599 (fr.
1094 513 1196 579 XXV.

62 624 194 710 XXVI).
252 629 454 706 Mythicorum
488 645 591 709 pauca
623 645 683 688 nec
714 629 826 709 aperte
859 625 996 708 vestigia
1029 626 1199 707 supersunt

63 735 113 818 (fr.
137 733 259 800 XXIII.
283 733 423 819 XXIV),
457 740 699 814 Archaeolopr'ue
726 734 888 800 obscurior
921 734 1018 798 etium
1046 735 1198 798 memoria

62 847 108 908 est
130 844 185 928 (fr.
209 843 282 928 XI).

142 954 191 1018 De
213 953 374 1018 Pellaeo
397 955 552 1039 scriptore
574 959 718 1019 veterum
738 954 924 1018 testimonia
945 953 1025 1018 haec
1047 957 1132 1036 sunt,
1160 967 1231 1018 eoo

62 1064 179 1147 ordine,
202 1067 360 1148 quatenus
382 1065 415 1129 id
437 1065 513 1130 licet
535 1069 568 1129 et
590 1064 788 1129 commodum
810 1066 874 1147 est,
904 1064 1074 1148 disposita,
1103 1084 1197 1147 quem

62 1173 198 1238 tenuisse
221 1174 256 1238 in
278 1174 377 1258 ipsius
399 1175 615 1240 Macedonicis
641 1175 752 1240 vident
792 1224 799 1238 .
1172 1163 1176 1169 ⁵

141 1283 186 1368 (l)
225 1283 456 1349 Constantinus
487 1284 812 1368 Porphyrogenuetus
834 1283 874 1347 de
895 1283 1046 1348 thematis
1071 1283 1198 1367 imperii

62 1392 114 1456 lib.
141 1392 185 1475 Π,
214 1393 236 1456 2
263 1415 295 1476 p.
318 1394 360 1458 22
388 1393 436 1458 cd.
460 1393 534 1458 Par.
567 1393 619 1482 [48
642 1393 765 1459 Bonu:
795 1393 999 1478 eStephano
1027 1393 1196 1478 Byzantio,

63 1502 108 1566 cui
134 1501 216 1567 haec
243 1503 441 1586 postliminio
463 1504 605 1569 restituit
626 1503 804 1568 Meinelrius
826 1525 858 1587 p,
881 1505 943 1568 427
967 1505 1046 1588 sq.]:
1074 1505 1198 1581 λέγεται

64 1613 164 1678 δὲκαὶ
187 1614 390 1680 Μακεδονία(
413 1618 508 1694 μοῖρα
530 1615 718 1696 Μακετία,
743 1615 788 1680 ὼε
812 1614 996 1696 Μαρεύαε
1019 1615 1055 1679 ἐν
1077 1615 1197 1697 πρώτῳ

64 1723 305 1790 Μακεδονικῶν
327 1725 412 1808 [κκαί
426 1727 485 1803 τὴν
501 1725 717 1809 Ὀρεετείαν*)
740 1726 775 1790 δὲ
791 1724 952 1790 Μακετίαν
969 1723 1114 1800 λέγουειν
1131 1723 1198 1788 ἀπὸ

62 1835 114 1896 τοῦ
137 1832 372 1921 mastacius]
423 1832 486 1898 Vbi
518 1833 669 1918 vulgatur
703 1833 833 1900 Μάκετα
865 1837 898 1897 et
933 1833 1195 1900 Μακεδονιοκῶν.

65 1937 248 2026 [Vtrumque
274 1943 364 2007 iuxta
385 1965 511 2009 mecum
533 1943 712 2008 Meinelrius
735 1942 882 2026 correxit,
907 1943 945 2006 de
962 1943 1102 2009 Μακετία
1125 1943 1197 2026 (pro

63 2072 118 2132 quo
145 2053 307 2118 Μακεττία
329 2052 508 2137 Hesychius
535 2053 585 2118 111
611 2076 643 2137 p.
667 2053 719 2132 65,
745 2053 819 2138 120)
848 2056 974 2118 secutus
996 2051 1197 2117 Dindorfium

63 2159 212 2226 Thesauri
233 2171 257 2226 t.
281 2161 312 2226 V
333 2185 364 2246 p.
388 2163 475 2252 ost]
521 2163 570 2228 Of.
603 2161 738 2229 Clidemi
766 2163 801 2227 in
824 2161 958 2228 Atthide
980 2161 1064 2248 quod
1086 2162 1197 2226 statim

63 2271 198 2354 sequitur
221 2272 441 2336 testimouium
464 2269 516 2360 [fr.
541 2273 558 2338 7
580 2272 706 2338 Muell.:
730 2273 814 2338 ἀλλὰ
837 2273 887 2337 καί
907 2274 966 2351 τὴν
988 2273 1067 2352 ὅλην
1091 2272 1196 2338 Μακε-

63 2381 168 2448 δονίαν
202 2381 366 2449 Μακετίαν
401 2381 491 2449 οίδεν
526 2382 769 2464 ὀνομαζομένην
803 2381 973 2462 Κλείδημοε
1007 2383 1042 2446 ἐν
1075 2383 1195 2465 πρώτῳ

64 2489 213 2556 Ἀτθίδοε·
250 2492 320 2557 «καί
349 2493 557 2578 ἐξῳκίεδηεαν
586 2493 666 2573 ὑπὲρ
694 2494 752 2558 τὸν
780 2492 930 2569 Αίγιαδόν
959 2491 1029 2557 ἄνω
1057 2495 1114 2570 τῆε
1143 2511 1195 2555 κα-

64 2601 213 2680 λουμένη(
237 2601 443 2691 Μακετίαεν].
489 2603 636 2686 Apparet
658 2603 698 2665 ab
721 2602 820 2686 ipsius
849 2605 954 2665 terrae
983 2601 1196 2684 descriptione

64 2707 219 2794 Marsyam
246 2715 282 2774 ut
309 2715 560 2776 consentaneum
588 2715 657 2775 erat
680 2711 875 2794 profectum,
910 2711 1098 2795 praesertim
1126 2733 1197 2775 curn

65 2818 124 2882 eiius
140 2819 227 2884 modi
248 2821 418 2906 regionum
438 2822 570 2886 nomina
593 2843 631 2886 er
654 2821 783 2886 deorum
805 2825 838 2885 et
859 2821 990 2886 heroum
1012 2821 1195 2885 eorundem-

64 2949 117 3009 que
138 2950 250 3014 regum
273 2931 566 3015 entiquIssimorum
586 2932 740 2996 memoria
762 2930 863 3014 repeti
886 2931 998 2994 solitae
1022 2934 1137 2994 essent.

141 3039 201 3123 (ll)
235 3039 348 3123 Itaque
377 3040 487 3104 eodem
514 3041 674 3124 pertinere
706 3041 863 3104 scholium
894 3041 930 3104 in
962 3039 1072 3104 Iliadis
1105 3040 1194 3124 XIV,

64 3145 120 3209 226
146 3148 288 3214 videtur:
326 3150 518 3216 Μακεδὼν
547 3152 566 3216 ὁ
593 3153 675 3217 Διόε
708 3151 758 3215 καί
784 3150 909 3232 Αίθρίαε
941 3153 1106 3231 καταεχὼν
1137 3153 1195 3230 τὴν

65 3255 165 3334 χώραν
194 3257 295 3324 οὗεαν
322 3263 378 3338 τῆε
407 3261 533 3344 Θρᾴκηε
560 3260 624 3343 ἀφ’
652 3261 769 3326 ἑαυτοῦ
803 3261 1007 3326 Μακεδονίαν
1041 3261 1196 3341 προεηγό-

66 3385 183 3438 ρευεεν·
216 3369 318 3446 γήμαε
345 3370 380 3434 δὲ
408 3370 480 3448 μίαν
507 3374 575 3434 τῶν
604 3370 772 3450 ἐγχωρίων
799 3375 965 3436 τεκνοῦται
992 3371 1051 3436 δύο
1079 3374 1197 3435 παῖδα(

65 3473 175 3554 Πίερον
204 3477 255 3540 καί
281 3479 438 3557 Ἀμαθον,
467 3478 530 3560 ἀφ’
557 3478 605 3543 ὼν
633 3481 692 3544 δύο
721 3482 830 3545 πόλει(
856 3479 969 3558 Πιερία
996 3483 1045 3544 καί
1067 3480 1196 3558 Ἀμαθία

66 3581 97 3646 ἐν
128 3587 320 3670 Μακεδονίᾳ.
358 3589 377 3667 ἡ
408 3587 530 3668 ίετορία
560 3589 649 3668 παρὰ
683 3589 853 3670 Μαρεύᾳ.
899 3587 974 3674 [Vbi
1007 3589 1105 3655 Θοίαε
1138 3611 1195 3673 pro

65 3691 179 3771 Αίθρίοε
201 3695 373 3761 Muellerus
396 3696 533 3761 coniecit
554 3697 727 3762 secundum
749 3697 970 3786 Stephanum]

142 3803 219 3888 (Ill)
255 3804 306 3868 Ex
337 3806 448 3889 primis
476 3809 583 3870 autem
617 3808 717 3870 tribus
744 3807 890 3891 regibus,
928 3829 1006 3892 quos
1039 3807 1196 3874 conditori

67 3911 150 3992 regni
177 3913 377 3979 Macedonici
403 3915 575 3980 Perdiccae
607 3916 797 4000 praemissos
824 3938 843 3980 a
871 3917 1030 3981 veteribus
1063 3917 1194 3982 chrono-

67 4019 191 4102 graphis
213 4023 368 4107 ignorant
389 4023 570 4090 Herodotus
592 4029 625 4090 et
640 4025 850 4110 Thucydides,
875 4027 956 4090 alter
976 4027 1039 4091 fuit
1054 4027 1193 4092 Coenus:

127 4273 150 4339 *)
174 4272 229 4341 [Sic
245 4291 297 4342 pro
317 4277 477 4344 Ἠρεετείαν
496 4276 524 4332 C.
545 4277 795 4332 ouranense
814 4278 902 4334 Donl
920 4297 946 4348 p.
961 4285 1006 4344 al,
1023 4296 1074 4348 pro
1093 4297 1148 4347 quo
1166 4280 1194 4334 in

69 4366 205 4420 comment.
225 4366 259 4421 dc
277 4367 475 4423 Macedonibus
495 4369 547 4435 (cd.
567 4369 656 4424 Berol.
677 4387 702 4426 a.
725 4377 799 4440 lars)
819 4373 979 4440 Ὀρεετιάδα
997 4371 1160 4442 subaudit]
