3052 5136
316 367 378 430 724
710 387 870 435 sorrentu
894 388 1066 438 carnola.

314 561 376 616 qno
404 547 434 603 tn
463 562 573 604 caussa
600 548 702 606 coedis
725 550 804 607 iltius
826 547 927 620 [tuerit
954 552 1027 620 istu,
1058 567 1149 625 ortum
1178 558 1211 610 tu
1239 553 1324 623 diris,
1346 546 1419 622 νόσος

264 659 296 706 aa
313 672 396 712 arou:
432 658 573 730 quoru'ota
602 674 639 715 ea
667 666 749 716 certo
775 667 803 717 te
824 663 1011 719 cormuuotsse
1033 663 1153 721 uidetur
1174 663 1349 722 attenedum
1369 682 1420 739 pu-

312 768 513 839 petroudum:
535 775 632 826 tomen
655 771 779 827 muttum
803 770 951 828 abhorrui
971 788 991 828 α
1013 781 1067 830 tua
1091 775 1261 848 atrocitate,
1283 790 1353 847 quoe
1372 777 1421 848 ipsu

313 879 449 937 aturribus
477 885 506 937 et
528 881 665 939 consulto
692 880 802 939 liberos
831 883 978 941 occidisti.
1023 877 1075 940 lta
1101 878 1251 942 idoneum
1278 878 1365 942 habet
1387 902 1423 940 ex·

314 983 467 1064 plicatum
491 987 550 1051 νὺν
573 986 742 1068 particula,
766 1008 847 1069 quae
868 986 1033 1070 displicuit
1054 987 1253 1054 Hermanno,

397 1189 458 1252 Sed
490 1189 721 1273 displicuerunt
748 1190 935 1256 Hermanno
965 1191 1038 1278 [hnc
1067 1197 1102 1256 ut
1129 1197 1292 1278 tamquam
1325 1196 1356 1259 ἐν
1382 1217 1423 1258 nu·
1491 1203 1492 1222 ¹

314 1300 401 1384 ρόδῳ
425 1301 623 1384 digrediatur
646 1301 819 1384 disputatio
850 1304 957 1386 paullo
980 1326 1057 1366 sane
1079 1303 1255 1392 molestius]
1280 1307 1367 1368 etiarn
1386 1305 1424 1366 illu
1491 1285 1492 1372 l

313 1431 393 1491 (piae
423 1410 575 1494 leguntur
603 1411 762 1475 Medeae
794 1436 824 1476 v.
856 1413 938 1478 1265
974 1411 1067 1499 [1287
1097 1413 1138 1478 K.
1172 1415 1254 1478 1298
1277 1415 1334 1501 N}
1364 1437 1423 1496 sqq,

312 1541 393 1600 quae
421 1520 467 1582 sie
496 1521 708 1586 conformavit
731 1523 919 1606 corrigendo
942 1546 973 1606 p.
998 1525 1061 1588 399
1084 1547 1147 1608 sq:

465 1699 489 1764 εἰ
513 1703 564 1779 μὴ,
588 1701 756 1780 τυράννων
780 1704 904 1780 δώμαθ’
924 1703 979 1767 ἵνα
1000 1705 1095 1768 turta
1117 1704 1216 1783 δίκην,
1491 1701 1492 1788 l

464 1813 605 1888 ue'uorff,
629 1812 841 1877 duonretvotu
863 1814 1033 1891 κοιράνους
1056 1814 1193 1894 χθονός,
1491 1837 1492 1898 p

464 1921 569 2005 donoc
593 1922 672 2001 αὐτὴ
696 1927 799 1988 τῶνδε
823 1924 990 2004 φεύξεεθαι
1015 1924 1134 2002 δόμων.
1491 1913 1492 1920 ¹

312 2087 430 2151 Verum
454 2094 488 2153 nt
511 2113 529 2152 a
552 2113 586 2154 re
609 2092 797 2155 tenuissima
820 2092 877 2154 fiat
903 2093 1046 2173 initium,
1077 2113 1191 2174 parum
1213 2092 1311 2174 polita
1332 2097 1373 2153 est
1391 2113 1424 2152 sn

311 2198 389 2262 lutio
418 2199 473 2262 illa
501 2200 656 2264 iambieue
684 2203 764 2264 arsis
793 2204 883 2280 -μα6’
903 2204 976 2279 ἵνα,
1006 2205 1039 2265 et
1067 2201 1173 2264 aliena
1196 2201 1239 2264 ab
1261 2224 1360 2264 eanun
1379 2207 1424 2261 tra·

311 2310 496 2391 goediarnm
521 2312 699 2394 elegantia,
729 2334 810 2394 equae
834 2318 909 2374 ante
931 2311 1144 2395 olympiadem
1167 2311 1330 2375 LXXXIX
1350 2311 1424 2391 serip-
1491 2275 1492 2350 l

311 2422 362 2482 tae
386 2425 476 2484 sunt:
499 2425 535 2484 nt
557 2445 613 2485 nno
628 2422 728 2505 ipsius
743 2425 915 2504 praecepto
931 2421 1068 2484 illuserit
1082 2421 1299 2484 Hermannus.
1327 2417 1425 2484 tainu·

312 2534 418 2593 antem
441 2532 514 2614 qnid
543 2533 611 2594 virlt
640 2532 700 2594 sibi
728 2533 870 2595 fntnrnm
898 2531 976 2595 illud
998 2532 1116 2597 datter?
1152 2533 1234 2615 qnod
1259 2554 1348 2615 qnam
1366 2531 1425 2592 min

312 2640 429 2703 dietum
454 2643 510 2723 sit,
536 2643 604 2725 ipse
627 2642 751 2706 videtur
774 2641 926 2723 serisisse3
956 2641 1086 2738 liberius
1109 2641 1195 2704 enim
1218 2663 1331 2726 graeca
1351 2639 1424 2702 nerlu

312 2750 357 2812 sic
373 2751 603 2834 interpretatur
618 2752 860 2816 transferendo:
883 2759 998 2830 reatum
1015 2759 1134 2816 domoon
1150 2773 1239 2830 qurum
1252 2758 1322 2815 rttctt
1333 2771 1424 2830 paratu
1491 2783 1492 2820 q

312 2867 388 2923 {tetre
409 2901 461 2945 —,
488 2885 557 2926 enm
581 2863 726 2926 deberet:
746 2885 862 2942 poenus
879 2869 1021 2926 duetorem
1044 2883 1117 2926 esse.
1150 2861 1212 2925 Sed
1234 2864 1352 2924 restant
1369 2879 1423 2942 gm-
1491 2845 1492 2920 l

313 2972 409 3034 viora.
455 2973 601 3057 Namque
630 2974 810 3037 sententiae
839 2973 937 3057 ipsius
961 2976 993 3035 et
1012 2971 1157 3056 gravitas
1180 2972 1235 3034 illo
1258 2974 1346 3054 paeto
1364 2965 1422 3031 rnul-

310 3085 378 3144 tnrn
414 3085 579 3146 extenuari
612 3089 644 3147 et
684 3085 855 3168 integritas
890 3084 968 3146 mihi
1003 3082 1129 3145 videtur
1163 3082 1310 3165 perverti.
1355 3077 1421 3152 Quo]
1491 3149 1492 3178 u

311 3193 438 3274 quidem
462 3217 633 3278 eurargpiere
657 3195 789 3258 studebo
812 3195 993 3276 tripliciter.
1038 3192 1181 3255 Primum
1209 3193 1293 3255 enim
1314 3211 1369 3254 uon
1390 3188 1421 3248 in-
1491 3181 1492 3266 l

310 3303 490 3386 tellegitur,
521 3327 669 3388 quorsum
697 3309 821 3388 spectet
848 3304 926 3367 loci
955 3303 1151 3388 significatio
1176 3304 1232 3368 ‘lvo
1261 3297 1422 3385 partinrlue:
1491 3273 1492 3312 ¹

311 3436 387 3475 nam
416 3415 448 3476 in
479 3437 515 3478 eo
537 3417 626 3478 nulla
654 3417 759 3498 posita
788 3419 835 3478 est
863 3415 910 3478 vis
939 3413 1203 3498 argumentandi,
1233 3411 1312 3496 qnod
1338 3409 1421 3473 euleu
1491 3481 1492 3510 1

313 3522 345 3585 iu
369 3525 453 3606 loeo,
483 3527 517 3587 in
540 3548 602 3608 qno
628 3547 748 3607 pomms
772 3525 958 3588 delictorum
982 3523 1105 3586 dederit
1127 3522 1217 3606 regia
1240 3523 1359 3600 domus,
1382 3538 1421 3576 sna

312 3634 432 3696 seelera
449 3634 561 3698 lledea
578 3639 684 3718 speret
699 3635 859 3718 impunita
881 3635 964 3715 fore3
987 3633 1093 3696 ratio
1115 3632 1222 3716 potius
1240 3623 1421 3715 significanda

312 3747 382 3806 erat
397 3745 595 3827 simpliciter,
614 3750 648 3807 ut
660 3746 706 3808 sie
721 3746 903 3829 loqueretur
915 3743 986 3806 lasa
1002 3744 1041 3806 de
1053 3742 1233 3806 Hermanni
1246 3741 1361 3825 quidem
1371 3757 1421 3798 son

311 3854 428 3916 tentia:
452 3862 510 3918 uta
523 3867 628 3934 sperat
649 3863 799 3919 ‘tonantur
814 3877 918 3934 poena
933 3876 972 3917 ear
988 3860 1035 3917 tris
1051 3859 1175 3918 aedibus
1190 3859 1334 3926 envuurre’,
1354 3863 1422 3925 qum

312 3975 410 4026 tranen
427 3987 467 4026 ne
484 3966 574 4048 regia
591 3965 716 4048 quidem
733 3966 843 4028 domus
859 3987 959 4028 vaona
975 3965 1017 4026 sit
1031 3985 1146 4046 poena.
1173 3963 1233 4027 Sed
1251 3963 1328 4025 hane
1343 3959 1422 4040 ipsam

313 4075 545 4137 uoiitrariormn
561 4076 805 4158 oppositionem,
829 4099 891 4158 qna
907 4075 987 4137 nihil
1004 4074 1084 4157 fingi
1107 4077 1213 4156 potest
1230 4065 1421 4156 importunus.
1491 4079 1492 4108 ¹

312 4182 380 4263 qnia
409 4207 473 4246 non
508 4184 702 4248 demiretur?
752 4185 835 4248 Nam
864 4184 944 4267 qnod
976 4184 1074 4246 etiam
1102 4205 1195 4266 reges
1224 4201 1349 4265 poenam
1374 4193 1421 4236 ¹¹⁰ss

313 4293 507 4376 alingetuna,
538 4317 710 4377 quamnam
739 4295 770 4357 id
799 4295 897 4357 habet
925 4295 989 4358 vim
1012 4293 1050 4356 ad
1074 4293 1267 4356 inanitatem
1288 4287 1421 4354 declaran-

312 4401 382 4462 dnin
414 4406 660 4484 unquentum
690 4405 836 4472 llledoaa
871 4428 938 4466 sear
974 4405 1136 4486 inrpnnenr
1169 4405 1237 4465 fore
1268 4393 1422 4483 spernar
