2942 5134
454 369 595 418 ranorcr
618 369 767 418 sanare.
1088 409 1096 430 ,
1118 351 1182 418 415

53 521 147 586 verbis
168 521 245 586 Var.
268 522 342 586 hiet.
366 523 445 586 XIII
467 545 537 606 cap.
561 525 599 588 4:
630 525 801 602 Ἀρχέλαοι
830 523 849 588 ὁ
873 524 1018 604 βαειλεὺε
1045 521 1180 587 ἑεῐίαειν

52 633 254 712 πορεεκεύαεε
280 635 440 712 πολυτελῆ
462 637 531 699 τοῑε
558 633 705 714 ἑταίροις.
739 633 915 713 προϊόντοε
937 633 973 696 δὲ
994 635 1053 698 τοῦ
1075 630 1180 697 πότου

52 742 225 822 ζωρότερον
246 743 330 809 πιὼν
352 743 519 823 Εὐριπίδη(
548 743 673 823 ὑπήχθη
696 763 767 808 πωε
789 743 861 808 κοτ’
883 741 996 819 ὀλίγον
1018 741 1052 806 ἐε
1074 741 1180 821 μέθην.

53 851 115 916 siro
139 851 342 928 ευγκλιθέντο
368 854 456 938 αὐτῷ
479 853 646 930 Ἀγάθωνα
672 853 731 919 τὸν
758 855 815 932 τῆς
840 851 1020 936 τρογψδίοε
1046 853 1182 930 ποιητὴν

53 963 223 1041 περιλαβὼν
245 962 406 1043 κατεφίλει
427 963 722 1042 τετταράκοντα
749 962 852 1028 ἐτῶν
879 982 955 1028 που
976 959 1181 1038 γεγονότα.

53 1068 134 1143 Quod
164 1071 292 1156 quidem
322 1072 540 1136 testimonium
568 1093 623 1136 cur
657 1071 692 1136 in
720 1070 954 1136 dubitationem
985 1067 1181 1152 vocaremus,

53 1179 127 1243 ratio
152 1181 240 1244 nulla
268 1182 366 1264 esset,
394 1181 520 1246 etiamsi
548 1181 620 1246 aliis
641 1184 769 1266 praeter
791 1179 963 1245 Aelianum
989 1179 1216 1246 testimoniisl

54 1288 226 1372 Agathonis
248 1290 283 1354 in
304 1289 494 1356 Macedonia
520 1313 585 1356 una
613 1311 685 1356 cnm
706 1289 860 1374 Euripide
889 1291 1096 1355 commoratio
1116 1309 1183 1354 non

54 1403 131 1462 esset
151 1399 353 1465 confirmata:
379 1421 460 1484 quae
482 1401 632 1485 quoniam
659 1400 700 1464 ad
722 1399 838 1464 aetatis
860 1398 1079 1464 definitionem
1101 1398 1184 1462 nihil

54 1509 222 1592 pertinent,
245 1510 351 1594 aptius
372 1533 458 1576 nnnc
479 1511 681 1576 omittuntur.

129 1615 174 1682 Vt
195 1623 318 1704 autern,
342 1641 404 1706 quo
426 1623 570 1705 tempore
592 1620 677 1706 apud
689 1619 884 1686 Archelaum
906 1618 1038 1705 Agatho
1060 1619 1181 1684 versari

54 1728 194 1812 potuerit,
217 1733 441 1815 cognoscatur,
465 1731 661 1816 exploranda
682 1731 753 1815 ipsa
774 1729 965 1794 Archelai
988 1732 1099 1794 aetas
1123 1733 1181 1794 est.

55 1835 97 1899 De
117 1859 178 1922 qua
197 1838 408 1904 diversissime
429 1844 612 1906 statuerunt
637 1839 781 1905 historici
804 1861 875 1904 cum
896 1843 1019 1902 veteres
1046 1841 1115 1902 tum
1136 1860 1184 1902 re-

56 1947 212 2012 centiores.
260 1949 415 2014 Veterum
441 1953 548 2014 autem
574 1949 727 2014 memoria
759 1971 855 2034 quam
881 1949 1005 2014 incerta
1033 1947 1183 2036 Archelai

56 2059 137 2120 aetas
158 2057 270 2141 fuerit,
298 2060 350 2123 vel
377 2081 416 2124 ax
438 2081 475 2123 eo
502 2059 718 2144 intellegite,
749 2059 832 2143 quod
860 2058 994 2124 eandem
1021 2081 1063 2123 ne
1085 2058 1185 2124 Athe-

56 2185 147 2230 naeus
160 2167 286 2252 quidcm
301 2171 496 2254 compertam
511 2169 639 2252 habuit,
663 2169 717 2254 qui
739 2171 775 2232 ut
796 2169 885 2234 illam
900 2167 1059 2250 definiret,
1083 2167 1139 2232 lib.
1156 2167 1186 2232 V

56 2297 83 2356 p.
104 2276 164 2342 217
185 2283 223 2344 J).
247 2283 278 2342 E
300 2279 391 2344 miris
417 2301 492 2344 usus
519 2281 569 2343 est
600 2279 807 2364 ambagibus,
845 2281 940 2363 atque
968 2299 988 2341 a
1014 2277 1186 2342 Perdiccae

57 2389 170 2470 aetate,
212 2409 293 2472 quae
328 2386 551 2453 historicorum
587 2387 779 2453 testimoniis
815 2387 940 2452 videtur
977 2388 1187 2451 contestatior

56 2493 156 2578 fuisse,
178 2497 399 2580 proficiscitur.
444 2498 571 2582 Duplex
590 2499 697 2562 autem
711 2499 990 2562 monumentorum
1004 2517 1106 2582 genus
1122 2500 1186 2562 eet:

57 2605 235 2690 seiungendi
254 2607 341 2672 enim
356 2629 376 2671 a
392 2607 655 2692 chronographis,
678 2629 811 2692 quorum
827 2606 994 2672 consilium
1008 2606 1186 2692 simplicem

58 2733 203 2780 annorum
224 2717 425 2782 notationem
439 2719 565 2802 spectat
578 2717 739 2782 rationum
761 2715 974 2801 explicatione
988 2716 1185 2800 destitutam,

58 2821 251 2891 historiarum
273 2826 445 2910 scriptores
466 2831 558 2908 sunt,
590 2826 644 2911 qni
666 2827 731 2890 sive
753 2826 861 2890 dedita
889 2847 988 2912 opera
1008 2827 1074 2892 sive
1096 2827 1187 2913 quasi

59 2937 287 3014 praetereuntes
315 2936 467 3001 Archelai
499 2936 696 3002 mentionem
721 2937 868 3002 fecerunt
901 2958 973 3001 cum
999 2957 1106 3001 rerum
1133 2957 1187 3022 ge·

59 3045 170 3110 staram
192 3047 347 3111 memoria
369 3047 589 3111 coniunctam:
611 3067 744 3132 quorum
766 3046 951 3132 plerumque
972 3046 1057 3111 haud
1079 3048 1188 3132 paullo

59 3153 151 3217 maior
176 3159 226 3219 est
252 3156 438 3220 auctoritas.
481 3155 529 3220 Vt
556 3159 663 3220 autem
692 3157 733 3220 ab
761 3177 918 3221 annorum
939 3177 1072 3222 numero
1094 3157 1188 3240 profi·

61 3261 219 3347 curamur,
257 3286 336 3348 qnos
369 3263 512 3348 explesse
545 3264 711 3350 regnando
739 3264 917 3330 Archelaus
945 3265 1079 3350 dicitur,
1117 3289 1189 3332 cum

60 3372 244 3458 quadruplex
272 3375 419 3440 videatur
441 3375 600 3440 exstitisse
622 3374 797 3440 sententia:
825 3379 975 3459 septem
1002 3376 1089 3442 enim
1111 3378 1190 3442 anni

61 3479 85 3542 ei
108 3482 290 3548 tribuuntur
321 3505 341 3548 a
363 3483 503 3550 Diodoro
530 3483 593 3550 Sic.
616 3483 705 3568 XIV,
727 3485 787 3567 37,
823 3485 1139 3570 quattuordecim
1171 3509 1190 3552 a

61 3585 197 3671 Syncello
228 3593 408 3678 chronogr.
442 3616 475 3678 p.
506 3593 569 3658 254
596 3597 623 3656 Α
654 3592 703 3658 ed.
731 3593 806 3658 Par.
840 3594 978 3679 itemque
1011 3617 1044 3680 p.
1072 3595 1135 3662 263
1163 3601 1191 3662 Α

62 3695 146 3781 (quac
172 3723 210 3766 ax
232 3701 374 3768 Diodoro
401 3703 514 3767 referri
541 3725 561 3768 a
588 3701 736 3786 Syncello
763 3707 883 3768 temere
911 3705 1079 3770 contendit
1105 3704 1190 3772 Dod-

62 3808 160 3874 wellns
180 3833 212 3894 p.
230 3813 270 3878 18
285 3813 334 3898 t);
361 3811 495 3877 decem
522 3815 561 3876 et
587 3814 735 3896 septem
762 3835 781 3876 a
809 3812 949 3878 Diodoro
977 3813 1063 3900 apud
1092 3815 1191 3881 Euse-

62 3913 140 3982 bium
171 3920 205 3984 in
239 3921 387 4006 linguam
414 3921 602 3985 Armeniam
634 3921 828 3986 translatum
857 3923 920 3988 vol.
943 3922 960 3988 I
986 3947 1019 4009 p.
1043 3925 1106 3992 323
1140 3924 1190 3992 ed.

62 4019 152 4110 λίθος
187 4029 324 4114 denique
353 4033 540 4114 quattuor
572 4033 610 4094 et
638 4029 788 4114 viginti
816 4053 887 4096 oum
915 4032 1034 4098 ibidem
1067 4055 1100 4118 p.
1128 4033 1193 4100 324

63 4133 122 4198 turn
142 4137 175 4202 in
197 4139 298 4222 ipsius
320 4138 453 4203 Eusebii
474 4137 605 4204 Oenone
628 4138 777 4205 chronico
799 4142 860 4206 vol.
884 4141 917 4208 Π
939 4165 971 4226 p.
987 4143 1066 4208 213:
1089 4141 1193 4227 primo
1261 4121 1266 4128 ⁹

64 4243 312 4312 existimabamus
335 4269 462 4312 omnem
484 4249 573 4312 illam
595 4251 843 4314 controversiam
862 4251 1017 4316 facillime
1039 4251 1086 4318 sic
1101 4275 1194 4338 posse

65 4348 174 4438 dirimi,
208 4359 244 4420 ut
271 4379 339 4421 non
366 4357 434 4420 sola
462 4378 519 4441 per
540 4379 574 4420 se
596 4361 794 4440 spectaretur
815 4361 968 4426 Archelai
995 4366 1101 4448 aetas,
1139 4363 1195 4428 sed
