2942 5134
341 381 379 440 tu
399 379 574 444 lascsrar
595 379 849 441 recusasset.
1106 363 1169 442 985

47 547 126 629 poeta
139 547 232 612 vocat
247 569 277 612 ν.
294 546 366 612 733.
384 547 447 626 735
468 546 599 612 αὐλῶνα
616 545 810 628 Μαιωτικόν,
828 543 915 610 atrius
937 541 992 610 ille
1014 563 1089 630 pars
1104 547 1167 608 est:

47 657 188 740 quoniam,
218 657 404 741 priusquam
426 643 651 742 permeabatnr
677 657 833 738 eblone,
860 656 1013 740 peculiari
1039 655 1167 719 nomine

47 767 160 830 carebat
196 768 418 852 communique
451 766 620 832 Maeotidis
656 767 786 832 nomine
824 765 1166 848 comprehendebatur:

47 876 83 938 ita
105 881 230 959 'prorsus
252 877 409 942 Thracius
437 899 560 961 quoque
583 875 759 959 Bosporus,
796 876 836 940 ab
869 875 996 960 virgine
1026 873 1168 938 nondum

47 989 251 1070 transcensus,
276 991 390 1071 poetae
412 1009 470 1070 pro
485 991 577 1070 parte
592 985 689 1050 Ponti
706 985 824 1050 Euxini
848 988 906 1068 est,
931 985 1019 1048 cuius
1041 984 1167 1068 quidem

46 1098 158 1178 propria
184 1097 359 1181 appellatio
388 1118 459 1161 cum
490 1096 590 1160 fuerit
615 1097 760 1178 Horror,
795 1094 877 1160 nihil
904 1093 1011 1159 Vossii
1043 1095 1168 1158 ratione

46 1225 102 1268 esse
120 1209 223 1289 potest
245 1205 431 1290 simplicius.
469 1205 530 1271 Sed
553 1206 587 1270 in
609 1227 647 1269 eo
669 1205 753 1270 idem
774 1205 908 1288 fallitur,
932 1204 1015 1290 quod
1038 1205 1167 1285 ῥεῖθρον

46 1313 116 1377 illud·
134 1338 163 1380 v.
187 1317 250 1381 792
282 1315 453 1380 Phasidem
486 1317 732 1400 interpretatur,
765 1318 877 1398 utpote
911 1315 946 1378 in
978 1314 1168 1379 Prometheo

45 1424 132 1488 soluto
152 1426 187 1490 in
210 1425 307 1490 Asiae
335 1431 367 1490 et
388 1425 536 1509 Europae
564 1425 711 1490 confiniis
740 1425 946 1508 collocatum3
979 1424 1018 1488 de
1051 1423 1167 1508 palude

46 1531 187 1599 Maeotide
224 1558 290 1600 non
326 1535 403 1600 lieet
440 1535 586 1599 dubitare
624 1537 756 1619 propter
792 1534 985 1599 evidentiam
1021 1513 1167 1598 versuum

46 1643 205 1709 733-737.
224 1684 267 1694 -
290 1648 326 1711 δέ
349 1645 540 1728 particulam
554 1667 585 1710 v.
603 1645 665 1709 719
687 1648 861 1728 expungat,
886 1644 939 1728 qui
962 1665 1028 1707 non
1043 1643 1167 1726 patien-

45 1751 106 1816 dam
125 1754 250 1818 duxerit
276 1756 311 1819 in
334 1755 474 1838 apodosi.
487 1755 518 1840 *)
1462 1817 1463 1824 ,

114 1863 152 1928 V.
176 1865 238 1929 728
264 1869 396 1945 τραχεῖα
423 1866 580 1931 Πόντου
609 1865 803 1946 (abnuenda
831 1865 965 1942 γνάθοεῑ
1002 1863 1042 1927 de
1063 1862 1167 1928 Ponto
1462 1927 1463 1950 χ

45 1972 116 2036 euim
135 1973 262 2038 Euxino
284 1974 402 2060 agitur.
1462 1985 1463 2046 7

114 2081 153 2147 V.
176 2085 239 2149 759
262 2086 366 2150 ἔετιν
389 2084 592 2148 scribendum
614 2085 805 2168 necessario,
832 2107 891 2167 pro
913 2087 1039 2152 ἔξεετιν.

113 2191 152 2256 V.
181 2194 241 2258 761
277 2194 436 2258 immerito
463 2192 663 2258 Blomfieldio
690 2195 911 2278 reprobatum,
946 2193 1029 2279 quod
1057 2197 1106 2258 est
1132 2193 1166 2256 in
1462 2177 1463 2226 7

44 2298 149 2384 aliquot
165 2302 343 2368 codicibus:
365 2305 464 2384 πρὸ(
486 2304 604 2369 αὐτὸ(
626 2305 759 2369 αὑτοῦ.
795 2303 844 2369 Of.
862 2327 891 2368 v.
908 2305 970 2368 923
992 2305 1047 2368 ἐπ’
1070 2305 1166 2368 αὐτὸ(

44 2410 133 2495 αὐτῷ,
154 2434 185 2476 ν.
208 2412 271 2478 276
293 2415 375 2493 πρὸ(
398 2413 511 2478 ἄλλοτ’
534 2413 646 2480 ἄλλον.
683 2411 765 2476 Vide
789 2414 909 2479 Oomm.
935 2413 1005 2476 crit.
1030 2413 1064 2476 in
1087 2411 1165 2476 Oed.

45 2515 100 2582 [bl.
121 2521 192 2586 849.

114 2629 152 2694 V.
177 2631 240 2696 795
262 2631 345 2715 quod
369 2630 549 2698 Brunclrius
572 2633 679 2716 posuit
701 2634 829 2696 auribus
852 2633 1057 2718 gratificans:
1080 2633 1166 2698 ὅπου
1462 2681 1463 2730 p

42 2776 78 2784 —
95 2740 127 2804 Αἱ
152 2742 322 2821 Φορκίδες,
356 2742 497 2827 eleganti
531 2742 648 2806 iudicio
681 2743 806 2808 nitihu.
851 2743 1031 2807 Articulum
1058 2743 1086 2806 si
1113 2743 1167 2828 qui
1462 2743 1463 2814 7

43 2847 106 2910 libri
126 2851 320 2934 omitterent,
344 2851 471 2933 placere
493 2855 599 2934 posset
619 2851 674 2917 ἵνα
688 2891 730 2900 --
751 2853 956 2931 Φορκννίδεε.
1002 2852 1063 2917 Sed
1085 2852 1168 2916 nihil

42 2959 225 3024 numadum.

113 3068 152 3134 V.
168 3071 230 3134 901
254 3069 337 3154 quod
359 3071 530 3134 multorum
551 3071 626 3135 tulit
641 3071 868 3154 assensionem,
892 3072 1052 3137 Schuetzii
1074 3075 1163 3155 μέγα,
1178 3089 1255 3139 xxvi}
1323 3141 1327 3150 ,

43 3177 260 3258 explodendum
283 3183 419 3246 estnon
440 3203 505 3244 una
528 3181 567 3244 de
590 3203 711 3244 caussa.
749 3182 823 3246 Sola
845 3187 1097 3265 superstructum
1118 3187 1167 3246 est
1462 3183 1463 3244 7

44 3284 166 3352 Aldinae
189 3289 348 3372 scriptura
369 3293 510 3374 μεγάμῳ,
534 3311 726 3374 quaequam
746 3292 788 3354 sit
803 3292 963 3356 infirmum
978 3291 1167 3357 lundomen-
1462 3281 1463 3362 ᾗ

43 3395 111 3478 tum,
134 3420 204 3462 cum
226 3420 265 3462 ex
287 3399 375 3464 tenui
398 3399 483 3463 illins
506 3399 579 3462 libri
602 3401 793 3464 auctoritate
815 3401 1016 3486 intellegitur
1037 3405 1105 3466 tum
1128 3423 1166 3465 ex
1462 3401 1463 3404 ’

43 3502 216 3572 relicuorum
253 3507 398 3572 codicum
432 3509 526 3572 simul
563 3513 596 3572 et
631 3509 822 3573 scholiastae
856 3513 1074 3593 consensione,
1113 3512 1167 3594 qui

43 3613 158 3678 tuentur
177 3619 280 3703 γάμῳ.
310 3617 483 3682 Praeterea
504 3619 620 3682 mirum
640 3621 795 3703 quantum
817 3619 1006 3705 infringitur
1027 3620 1075 3683 ris
1097 3643 1167 3684 sen-

43 3722 166 3790 tentiae:
188 3727 289 3790 multo
304 3728 391 3791 enim
405 3727 521 3791 fortius
544 3731 593 3792 est
613 3730 820 3808 δαπτομέναν
835 3751 929 3812 quarn
946 3731 1025 3808 μέγα
1047 3736 1167 3796 δαπτο-

44 3831 137 3904 μέναν.
180 3835 325 3922 Denique
354 3859 420 3902 non
446 3841 553 3920 potest
580 3837 621 3900 ab
650 3838 762 3902 horum
784 3839 951 3902 verborum
973 3839 1167 3904 iudicatione

100 4027 124 4095 *l
153 4031 241 4098 [Hauc
270 4031 305 4084 de
327 4029 401 4084 Iouis
425 4031 565 4086 erroribus
592 4030 810 4100 disputationem
832 4031 1024 4100 Reisigianam
1046 4049 1107 4085 curn
1130 4031 1166 4084 ab

44 4113 95 4168 aliis
112 4121 267 4188 neglectam
285 4122 366 4176 video
384 4123 443 4177 turn
462 4141 479 4178 a
496 4123 723 4177 dissertationum
746 4125 862 4177 duarum
880 4123 1066 4176 Bonnensium
1084 4124 1166 4192 scrip·

44 4207 151 4278 toribus,
182 4231 298 4280 quarum
320 4215 411 4270 altera
433 4215 463 4269 P.
487 4217 508 4273 1.
530 4215 660 4284 Meyeri
687 4215 833 4284 ‘Aeschyh
855 4216 1036 4270 Prometheus
1059 4215 1167 4268 vinctus

44 4313 89 4364 quo
104 4301 132 4356 in
148 4303 210 4360 loco
228 4307 275 4376 agi
291 4306 430 4362 videatur’
448 4308 553 4376 prodiit
571 4325 595 4362 a.
611 4315 685 4375 1861,
703 4310 793 4363 altera
805 4309 886 4362 Bern.
906 4307 1017 4362 Fossii
1036 4307 1088 4360 ‘De
1107 4309 1167 4362 loco

43 4388 131 4460 inquo
149 4397 330 4454 Prometheus
349 4399 423 4468 apud
440 4401 608 4468 Aeschylum
625 4401 733 4454 vinctus
752 4402 798 4456 sit’
817 4419 842 4455 a.
864 4402 947 4468 1862]

88 4497 128 4532 n.
146 4501 309 4537 urrrcurnrr
329 4502 474 4538 oruscuaa
494 4506 512 4538 ν.
925 4487 966 4550 ‘25
