2982 5146
301 323 357 385 lul
596 335 844 382 corconnmnvn
870 333 1135 381 nrsrv'm'nonrs

296 513 327 572 p.
344 491 385 552 29
402 487 465 575 [26]
484 512 550 571 sqq.
571 489 630 551 130
646 485 730 574 [lul]
748 508 828 569 sqq.,
851 486 1005 548 ambitum
1026 485 1223 569 singidorum
1238 487 1423 549 voluminum

295 604 361 661 tam
374 599 471 660 fuisse
484 599 643 680 exiguum,
662 619 701 659 ne
713 597 817 659 dicam
833 595 991 678 pusillum,
1008 596 1130 676 ut,·lroc
1143 595 1171 658 si
1181 595 1260 659 satis
1273 599 1424 676 teneatur,

223 764 233 782 ,
296 709 420 771 illorum
434 708 550 770 veritas
563 707 816 770 testimoniorum
827 705 1053 788 propemodum
1062 706 1260 788 comprobari
1271 707 1424 768 oculorum

295 818 411 880 iudicio
424 817 577 880 videatur.
602 816 771 880 Possumus
787 816 847 878 hoc
863 836 919 897 per
935 815 1062 898 singola
1078 817 1234 898 persequi,
1252 816 1327 879 durn
1342 830 1424 878 vasta

295 928 399 1009 spatia
415 928 593 990 litterarum
615 947 801 1010 graecarum
823 924 1039 1008 particulatim
1061 925 1279 1006 permetiendo
1295 926 1424 988 calculos

295 1038 510 1101 subducimus:
532 1037 587 1099 scd
603 1037 748 1099 nolumus
764 1057 831 1098 esse
848 1033 950 1116 putidi
971 1035 1055 1097 inre
1071 1038 1191 1117 aperta.
1229 1034 1332 1098 Lubet
1347 1037 1424 1098 enim

295 1147 466 1228 sciscitari,
491 1146 564 1228 quid
588 1145 718 1208 tandem
741 1167 798 1226 pro
821 1144 994 1226 repudiatis
1016 1144 1084 1226 ipsc
1107 1144 1319 1227 amplectatur
1336 1144 1425 1208 Bern-

296 1257 445 1339 lmrdyus.
496 1256 625 1319 Scilicet
648 1261 795 1332 dipcstu
822 1265 850 1316 cl
871 1260 1020 1332 simplicia
1049 1253 1211 1316 volumina
1239 1254 1295 1316 illa
1323 1255 1425 1330 fuisse,

296 1367 408 1448 quibus
430 1365 581 1448 singuli
605 1364 824 1446 scriptores
842 1363 1095 1444 continerentur,
1118 1371 1294 1440 commixta,
1321 1365 1426 1447 quibus

296 1476 496 1557 complura
529 1475 680 1556 scripta
714 1475 779 1536 sive
811 1473 904 1535 unius
934 1472 1096 1554 scriptoris
1127 1473 1192 1535 sive
1225 1474 1426 1555 complurima

295 1585 404 1647 iuncta
419 1584 628 1665 haberentur,
652 1606 728 1665 sluos
751 1582 876 1665 quidem
893 1582 1016 1645 codices
1034 1582 1190 1644 miscellos
1213 1582 1318 1646 dicere
1342 1584 1426 1646 hodie

296 1695 524 1757 consuevimus.
573 1695 609 1756 ld
639 1715 709 1756 cum
739 1714 865 1774 prorsus
894 1691 1079 1754 incredibile
1108 1692 1334 1756 indicassemus
1363 1717 1426 1756 eum

294 1808 424 1886 propter
446 1804 610 1865 raritatem
627 1812 672 1884 (p.
689 1804 730 1865 :³6
748 1801 827 1888 [23])
844 1802 990 1884 ipsasque
1011 1801 1089 1865 adeo
1112 1803 1278 1884 subtantias
1300 1803 1426 1866 istormn

294 1913 505 1992 voluminum,
545 1911 740 1974 multitudini
780 1911 968 1993 scriptorum
1006 1911 1264 1994 complectendae
1301 1912 1425 1975 minime

295 2022 433 2104 parirmr,
467 2025 535 2084 tum
570 2025 699 2103 propter
728 2042 927 2083 munerorunr
958 2021 1206 2102 immanitatem,
1241 2021 1425 2103 simplicimn

295 2131 505 2213 ‘frequentiam
534 2131 708 2212 quadruplo
737 2130 969 2212 superantium:
1000 2129 1060 2193 hoc
1088 2130 1231 2212 quidem,
1265 2131 1348 2213 quod
1378 2155 1425 2213 po-

293 2244 410 2303 stremo
433 2241 502 2303 loeo
524 2241 684 2323 posuimus
692 2290 700 2321 ,
725 2239 958 2302 incommodum
980 2238 1206 2322 Bernlrardyus
1233 2240 1345 2303 tollere
1366 2264 1425 2304 cor·

244 2369 275 2416 37
293 2354 381 2412 recta
410 2373 610 2413 numerorum
639 2350 804 2413 notatione
832 2350 892 2411 sibi
916 2349 999 2411 visus
1023 2352 1086 2429 est,
1116 2349 1202 2431 [rrius
1226 2355 1332 2412 autem
1355 2351 1424 2412 illud

294 2481 330 2520 eo
354 2459 476 2521 elevare
505 2483 536 2542 p.
561 2462 623 2522 sal)
645 2461 723 2538 ima,
754 2459 836 2540 quod
858 2480 1009 2540 magnam
1039 2463 1162 2540 partem
1184 2459 1309 2522 illormn
1340 2460 1423 2522 lilim-

294 2590 363 2630 rum
386 2590 450 2631 non
473 2569 505 2630 in
529 2570 599 2650 ipsa
616 2570 763 2652 Aegypto
783 2570 1016 2650 comparatam,
1040 2569 1094 2630 sed
1118 2567 1245 2631 aliunde
1268 2569 1423 2631 advectam

294 2678 426 2739 monuit.
472 2677 508 2738 ld
537 2701 597 2759 quo
625 2681 763 2760 spectet,
795 2677 920 2759 planius
949 2699 986 2739 ex
1014 2678 1112 2740 allato
1141 2677 1259 2741 codicis
1282 2678 1422 2741 Plrotiani

294 2785 372 2864 (nrm
392 2786 567 2867 raa-loo,
591 2787 644 2849 scd
664 2789 841 2870 lar-157)
864 2786 1007 2868 exemplo
1023 2790 1167 2869 apparet,
1191 2790 1227 2848 ut
1241 2787 1296 2869 qui
1311 2793 1422 2869 septem

294 2897 574 2978 grammaticormn
597 2897 698 2960 lexica
722 2897 902 2978 complexus
926 2897 977 2958 sit.
1022 2895 1180 2960 Nimirum
1209 2896 1249 2958 de
1273 2897 1423 2959 codicibus

294 3006 503 3068 membraneis
528 3007 695 3089 cogitavit,
721 3028 852 3088 (prorum
875 3006 974 3068 multo
996 3007 1097 3068 maior
1119 3027 1213 3088 quarn
1236 3007 1422 3069 voluminum

294 3136 542 3196 papyraceorum
558 3117 729 3197 capacitas.
757 3115 858 3188 (luam
874 3115 999 3196 quidem
1012 3115 1289 3178 ratiocinationem
1306 3138 1423 3198 prorsus

295 3245 357 3285 non
387 3224 583 3307 expedimus,
619 3248 688 3288 cum
717 3226 750 3287 in
780 3247 817 3286 ca
846 3228 951 3286 aetate
980 3225 1231 3287 Ptolemaeorum
1260 3247 1421 3290 versemur.

293 3355 354 3414 qua
378 3332 505 3395 vixdum
526 3335 676 3397 iru'entus
698 3334 972 3397 membraneormu
995 3357 1068 3396 usus
1091 3334 1242 3396 librorum
1265 3339 1351 3415 erat,
1377 3335 1423 3416 qui

293 3448 398 3505 autem
421 3443 614 3525 antiquiores
637 3444 708 3506 libn'
733 3445 902 3506 exstabant
925 3465 989 3506 non
1018 3443 1203 3526 papyracei,
1228 3444 1257 3506 ei
1281 3444 1341 3508 hoc
1362 3445 1422 3526 ipso

292 3551 459 3613 dissimiles
482 3554 674 3616 membranis
691 3553 897 3635 Pergamenis
921 3557 950 3614 et
970 3553 1086 3615 similes
1103 3553 1312 3636 Aegyptiacis
1334 3575 1421 3635 papy-

294 3660 335 3720 ris
358 3660 491 3740 fuerint,
517 3663 598 3744 quod
622 3686 685 3726 uno
708 3663 773 3724 solo
790 3663 867 3725 lolio
891 3684 993 3724 unave
1016 3662 1125 3724 tabula
1141 3662 1190 3723 vel
1214 3662 1364 3725 lammina
1379 3661 1419 3722 rel

293 3768 374 3849 pelle
407 3772 597 3834 constabant
631 3794 688 3834 nec
723 3771 903 3854 complicati
937 3770 972 3833 in
1006 3770 1122 3834 codicis
1159 3773 1295 3834 formam
1327 3782 1418 3835 erant.

291 3877 402 3960 ltaque
440 3902 519 3962 qurm
557 3882 590 3944 in
628 3882 847 3964 computandis
885 3880 1044 3943 codicibus
1078 3880 1288 3944 membraneis
1324 3881 1418 3944 unita.-¹

292 3989 490 4052 eflicielmtur
526 3991 728 4053 multitmline
765 3992 971 4072 scriptorum,
1010 3990 1119 4052 eadem
1156 3991 1188 4052 in
1226 3987 1418 4054 numerandis

292 4100 420 4180 papyris
443 4100 657 4183 similibusque
686 4102 803 4164 tabulis
826 4121 1052 4182 saepenumero
1074 4101 1109 4162 in
1131 4099 1245 4183 exigna
1274 4097 1416 4183 particula

293 4207 384 4269 unius
412 4210 521 4291 scripti
553 4211 704 4273 constitit.
752 4213 857 4292 Atque
886 4211 919 4272 in
948 4213 1030 4272 hane
1059 4211 1250 4272 sent-entiam
1278 4211 1346 4292 ipso
1372 4207 1416 4268 illo

293 4315 450 4378 l'botiauo
465 4321 594 4396 τεύχει
611 4320 657 4380 usi
675 4342 797 4381 eramus
809 4343 838 4400 p.
853 4321 911 4383 135
925 4318 1021 4404 [1111.
1039 4319 1128 4392 uum
1144 4323 1250 4382 autem
1267 4319 1306 4381 ad
1318 4339 1415 4401 prope
