3052 5136
510 360 670 410 sounnau
693 359 864 407 clurwau.
1198 341 1259 404 los

119 537 253 580 camene
275 518 465 598 occupatam
488 513 570 577 libro
592 512 655 596 IV,
678 513 715 596 5,
732 513 752 576 3
770 509 830 600 [9],
854 511 904 574 vel
927 511 965 574 de
981 510 1107 594 Thyrea
1129 508 1257 574 dimica-

117 631 186 690 tum
212 648 231 688 a
254 625 321 688 solo
342 625 420 688 item
442 623 599 708 Polydoro
621 623 703 686 libro
725 622 784 706 lll,
809 623 838 704 7,
862 623 892 686 5.

108 795 110 799 .
202 735 316 820 ltaque
349 737 386 798 ut
415 733 519 798 dicam
553 732 629 818 quid
658 733 811 816 sentiam,
847 753 912 795 non
945 730 1076 814 ambigo
1112 729 1257 812 equidem

116 847 195 930 qnin
218 845 297 909 haec
313 844 498 909 Alcamenis
514 843 673 927 expeditio
688 842 798 906 eadem
820 842 863 905 sit
884 845 979 926 atque
1003 839 1066 904 alia
1089 839 1255 924 quaedam,

116 975 198 1039 quae
220 954 383 1020 Nicandro
406 955 486 1020 duce
508 953 658 1018 adversus
689 953 825 1036 Argivos
853 951 941 1015 facta
964 954 1027 1033 est,
1056 971 1150 1034 quam
1179 948 1256 1012 item

115 1085 176 1130 nec
198 1065 284 1128 solus
306 1065 422 1128 dicitnr
444 1063 607 1128 Nicander
634 1062 826 1146 suscepisse,
855 1083 914 1125 nec
936 1082 1029 1145 quem
1051 1059 1199 1122 habuerit
1221 1059 1256 1122 in

115 1197 153 1238 ea
176 1175 379 1259 sincipienda
403 1175 560 1259 collegam
581 1173 793 1258 significatur.
838 1171 897 1234 llle
919 1171 1005 1235 enim
1028 1169 1199 1252 assumptis
1222 1169 1256 1232 in

115 1285 192 1348 belli
216 1285 403 1349 societatem
425 1284 574 1348 Asinaeis
596 1285 636 1349 τὰ
658 1285 765 1348 πολλὰ
793 1283 932 1347 ἐκάκωεε
960 1285 1016 1360 τῆς
1037 1284 1114 1361 γῆς,
1147 1281 1184 1341 ut
1212 1279 1256 1342 ait

114 1395 293 1459 Pausanias
314 1395 379 1477 III,
397 1395 432 1477 7,
455 1395 486 1458 4.
536 1393 656 1469 Quibus
679 1414 760 1478 quae
783 1392 933 1476 deinceps
956 1389 1061 1472 addit,
1087 1389 1254 1469 Asinacos,

115 1505 235 1590 quippe
263 1505 355 1569 hauns
382 1505 555 1589 participes
584 1503 786 1588 irruptionis,
822 1503 862 1566 ab
891 1501 1022 1586 Argivis
1049 1501 1155 1583 patria
1189 1520 1256 1561 esse

114 1616 280 1700 expulsos,
321 1637 428 1679 eorum
458 1614 596 1698 insignis
630 1613 676 1677 vis
709 1617 757 1676 est
788 1611 827 1676 ad
860 1611 1020 1676 subtiliter
1052 1609 1256 1674 iudicandum

114 1729 244 1810 tempus
277 1725 362 1789 illius
397 1724 618 1808 expeditionis.
664 1723 886 1806 Comparanda
915 1725 991 1785 sunt
1024 1722 1130 1784 autem
1159 1719 1256 1782 verba

114 1835 190 1899 libri
213 1833 271 1916 IV,
296 1837 332 1918 3,
359 1837 391 1918 1,
415 1835 470 1898 ubi
494 1857 565 1899 cum
587 1839 765 1918 exponatur
787 1833 826 1896 de
849 1832 942 1896 rebus
966 1817 1156 1894 Messeniaci
1180 1828 1256 1892 belli

114 1944 211 2028 primi
234 1966 320 2008 anno
343 1945 455 2027 quinto
477 1944 592 2028 gestis,
623 1944 682 2008 hoc
706 1948 753 2008 est
776 1943 965 2028 olympiadis
988 1940 1018 2004 X
1040 1961 1126 2004 anno
1148 1937 1254 2019 tertio,

114 2059 185 2118 tum
214 2053 457 2118 Lacedaemonii
487 2059 662 2118 narrantur
690 2053 853 2118 conicurcti
880 2052 979 2116 tuisse
1008 2072 1080 2114 cum
1107 2047 1256 2112 Asinaeis

113 2185 180 2228 una
208 2167 316 2228 aetate
344 2167 419 2226 ante
442 2164 548 2247 patria
570 2164 720 2248 expulsis.
766 2163 883 2238 Quodsi
906 2163 964 2226 tris
987 2164 1019 2224 et
1041 2160 1176 2244 triginta
1199 2180 1257 2222 an·

113 2295 174 2336 nos
198 2272 379 2336 ascenderis
401 2278 501 2356 retro,
530 2273 663 2338 habebis
689 2272 880 2358 olympiadis
907 2269 938 2334 ΙΙ
966 2292 1086 2334 annum
1109 2270 1255 2350 alterum,

112 2405 177 2466 quo
201 2387 235 2445 et
255 2383 361 2466 patria
383 2384 577 2448 excesserint
601 2384 732 2448 Asinaei
756 2387 789 2446 et
811 2381 974 2447 Nicander
996 2379 1131 2443 uastauit
1158 2377 1255 2462 Argi-
1276 2391 1307 2439 lo

113 2513 226 2554 rorum
249 2495 378 2556 terram.
424 2492 508 2556 Nam
535 2493 620 2558 hanc
642 2493 797 2558 Nicandri
826 2491 1041 2556 incursionem
1064 2495 1095 2552 et
1119 2487 1254 2572 Argivo-

113 2623 186 2664 rum
207 2599 357 2665 adversus
374 2603 530 2666 Asinaeos
553 2602 786 2686 expeditionem
809 2601 995 2666 brevissimo
1018 2599 1136 2662 distare
1158 2597 1256 2661 inter·

114 2711 212 2794 vallo,
237 2732 309 2774 cum
332 2711 425 2776 docet
447 2733 552 2776 rerum
573 2712 655 2776 libro
672 2712 731 2795 ΙΙΙ,
757 2714 791 2795 7,
815 2713 837 2774 4
859 2712 1075 2794 expositarum
1096 2705 1254 2792 perpetui-

112 2825 176 2902 tas,
199 2825 268 2884 tum
290 2822 482 2905 perspicitur
504 2845 521 2885 e
544 2823 648 2886 verbis
672 2823 744 2886 libri
767 2821 816 2902 ll,
840 2823 891 2902 36,
915 2822 936 2884 ἶ)
960 2819 1002 2907 [4]
1026 2819 1128 2882 hisce:
1153 2819 1198 2882 ὼε
1219 2819 1255 2881 δὲ

113 2931 264 2996 ὁετόλο(
286 2935 352 2996 τῶν
370 2932 628 3011 Λακεδαιμονίων
652 2934 795 3012 ἀπῆλθεν
818 2932 936 3008 οἴκαδε,
959 2929 1180 3008 ετρατεύουειν
1204 2928 1255 2991 ἐπὶ

113 3043 172 3118 τὴν
196 3041 319 3118 Ἀείνην
342 3041 373 3106 ot
395 3041 536 3120 Ἀργεῖοι.
580 3040 757 3106 Pausanias
780 3063 865 3124 vero,
892 3040 946 3124 qui
969 3039 1135 3122 antiquam
1158 3035 1254 3100 Lace-

113 3149 355 3213 daemoniorum
383 3149 549 3214 historiam
576 3173 748 3235 paucorum
779 3151 920 3234 capitum
948 3149 1071 3212 ambitu
1100 3148 1254 3232 complec-

112 3261 237 3322 teretur
264 3263 297 3322 et
324 3261 414 3344 quasi
442 3265 616 3343 coartaret,
651 3262 729 3325 satis
762 3261 876 3324 habuit
908 3261 942 3324 iu
971 3259 1135 3343 utriusque
1168 3257 1254 3342 regis

113 3369 207 3432 rebus
231 3370 331 3452 gestis
354 3391 616 3434 commemorasse
638 3393 705 3435 rem
727 3371 847 3454 ipsam,
871 3370 1038 3434 victoriam
1061 3368 1100 3432 de
1123 3367 1254 3452 Argivis

112 3481 327 3562 reportatam3
355 3501 413 3542 nos
436 3483 542 3543 autem
570 3485 696 3564 oportet
723 3481 860 3564 singulis
888 3479 1061 3564 diligenter
1087 3477 1254 3563 perpensis

113 3609 150 3651 ac
173 3587 317 3651 studiose
338 3589 424 3654 inter
445 3611 478 3654 se
502 3591 661 3656 contentis
685 3613 722 3654 ea
746 3590 951 3674 coniungere,
979 3611 1059 3673 quae
1083 3589 1254 3652 coniuncta

111 3697 213 3761 fuisse
237 3697 445 3780 probabiliter
475 3723 567 3784 posse
589 3700 808 3764 demonstrare
831 3699 1005 3764 videamur.

199 3805 348 3872 Ceterum
384 3809 418 3872 iu
455 3809 510 3872 illa
547 3811 734 3894 opinionum
770 3810 988 3894 discrepantia
1025 3809 1063 3872 de
1097 3830 1254 3874 annorum

110 3939 254 3998 summa,
283 3915 337 4000 qui
364 3917 457 3980 unius
486 3919 608 3983 ambitu
638 3924 751 3996 reseda
774 3919 1086 4004 comprehendantur
1115 3918 1168 4000 (de
1190 3941 1253 4001 qua

110 4029 187 4109 post
209 4025 289 4089 alios
312 4027 428 4090 multos
456 4027 577 4092 erudite
605 4029 650 4093 10.
675 4029 827 4094 Albertus
856 4029 923 4114 egit
951 4029 1059 4092 adnot.
1090 4027 1128 4092 ad
1152 4027 1253 4112 Hesy-

111 4137 222 4200 chium
245 4135 306 4200 vol.
323 4135 338 4200 I
354 4159 385 4220 p.
403 4137 490 4222 814),
513 4139 573 4202 hoc
596 4139 724 4224 quidem
746 4140 946 4204 dubitatione
968 4143 1079 4220 vacat,
1104 4161 1169 4202 non
1192 4138 1253 4201 dis-

110 4245 248 4310 cessisse
268 4244 460 4311 Pausaniam
483 4249 523 4312 ab
538 4249 692 4314 Herodoti
716 4251 877 4334 exemplo,
901 4272 995 4334 quern
1009 4272 1108 4334 usque
1131 4272 1254 4334 quaque
1332 4284 1339 4296 ·

111 4355 304 4437 aemulatum,
327 4377 388 4421 nec
410 4357 474 4420 ullo
496 4363 591 4442 pacto
613 4382 705 4443 posse
728 4361 767 4423 de
790 4360 936 4444 Dionysii
958 4359 1255 4424 llalicaruasseusis
