3052 5136
473 401 633 451 sosanna
656 400 830 448 iniciens.
1163 380 1222 448 737

92 563 191 624 tamen
206 559 313 622 hiatus
335 557 378 621 sit
394 555 542 622 vitandus
564 557 618 641 qui
641 556 686 620 sic
710 557 826 636 oritur,
850 559 885 618 ut
906 555 1000 617 unius
1023 553 1225 638 eiusdemque

92 691 236 752 personae
258 691 313 732 ore
335 667 397 730 duo
420 669 647 732 continuentur
663 666 869 748 anapaestica
884 669 1069 748 systemata,
1093 687 1224 748 quornm

91 780 170 862 prius
195 779 282 843 brevi
312 779 502 841 terminetur
531 777 648 858 vocali,
681 777 757 840 item
787 799 805 838 a
833 773 933 838 vocali
964 775 1120 858 posterius
1148 775 1225 838 inci-

91 889 161 972 piat
183 872 226 954 Et
248 891 309 954 hoc
325 887 450 974 quidem
467 890 673 971 praeceptum
696 888 737 950 ab
757 885 914 968 Aeschylo
938 883 1044 948 videor
1067 885 1226 948 invenisse

91 1022 180 1084 usque
202 1022 326 1085 quaque
347 999 520 1083 diligenter
542 998 758 1062 observatum:
782 996 935 1080 siquidem
958 997 1043 1060 inter
1064 999 1115 1059 sat
1137 1019 1225 1080 mag-

90 1131 159 1173 nam
179 1110 417 1174 multitudinem
439 1131 520 1193 qnae
542 1109 609 1172 sola
630 1129 810 1192 repugnare
832 1107 980 1171 videntur
995 1105 1091 1170 verba
1107 1107 1224 1192 Agant.

90 1221 273 1307 3471341p
300 1222 450 1301 μεγάλων
478 1220 604 1298 κόεμων
627 1220 804 1300 κτεάτειρα,
833 1219 907 1283 ‘'llr'
935 1219 986 1284 ἐπὶ
1008 1219 1124 1298 Τροία(
1146 1219 1226 1298 πύρ-

89 1351 153 1405 γοι(
173 1331 301 1412 ἔβαλεε,
324 1331 409 1394 inter
431 1329 585 1413 proodum
608 1334 639 1393 et
662 1328 826 1412 stropham
849 1327 1068 1398 distribuenda
1091 1333 1166 1391 sunt
1188 1327 1226 1392 de

91 1439 218 1525 Reisigii
240 1439 403 1504 sententia
426 1439 612 1504 Coniectan.
639 1439 671 1502 in
695 1438 858 1522 Aristoph.
883 1427 914 1522 p.
932 1439 1005 1502 261).
1031 1437 1124 1522 [Vide
1140 1439 1227 1502 infra

91 1573 118 1632 p.
132 1551 174 1614 42
193 1549 309 1636 (ml-l
340 1549 453 1633 ltaque
475 1549 683 1614 emendandis
700 1547 885 1632 Aeschyleis
908 1547 1044 1612 adhibeo
1066 1549 1227 1612 scribendi

88 1660 316 1738 diversitatem,
339 1681 419 1746 quae
442 1683 479 1724 ex
503 1663 553 1724 sat
578 1659 686 1723 multis
710 1659 869 1724 codicibus
892 1663 1022 1723 enotata
1046 1663 1103 1740 cst,
1128 1681 1227 1740 εωτη-

88 1771 150 1852 ρίᾳε
180 1792 261 1854 quae
289 1770 386 1834 etiarn
415 1770 606 1834 scholiastae
636 1773 713 1852 [non
744 1769 890 1854 llledicci]
927 1773 1032 1833 aetate
1064 1769 1228 1833 ferebatur

88 1879 129 1944 sic
155 1879 358 1945 adnotantis:
388 1881 450 1960 ἆρα
479 1881 581 1960 χαίρω
610 1882 659 1946 καλ
686 1881 814 1960 ὑμνήεω
843 1881 892 1945 καὶ
927 1881 1081 1945 παιανὶεω
1110 1881 1162 1945 ἐπὶ
1189 1887 1227 1964 τῇ

86 1990 211 2058 πόλεω(
232 1993 379 2074 εωτηρίᾳ.
420 1989 592 2054 Enimvero
614 2013 680 2054 non
702 1994 807 2074 potest
830 1989 966 2075 ambigi,
991 1991 1067 2075 quin
1091 1993 1228 2070 εωτηρία

87 2101 169 2164 voc-is
192 2101 317 2185 vulgari
340 2099 569 2165 consuetudine
592 2099 751 2164 illustrata
780 2101 856 2164 olim
884 2101 927 2164 sit
956 2101 1037 2163 alins
1066 2100 1228 2164 cniusdam

88 2211 199 2274 raritas
222 2209 378 2274 vocabuli.
409 2209 462 2275 Sic
484 2211 570 2274 enim
592 2210 716 2274 exstitit
738 2210 814 2274 olim
836 2211 1001 2294 scriptum,
1025 2214 1059 2273 ut
1083 2210 1226 2294 equidem

86 2319 237 2384 arbitror:

236 2481 376 2563 πότερον
399 2483 501 2563 χαίρω
524 2485 735 2551 κάπολολύξω

287 2593 415 2657 πόλεως
438 2593 574 2672 ἀεινὴε
595 2593 783 2678 εὐεοὶᾳ;*)

87 2751 190 2836 Atque
218 2751 303 2815 haud
336 2752 402 2816 scio
435 2775 477 2816 an
506 2753 545 2816 ad
576 2753 769 2836 Aeschylum
796 2754 900 2837 potius
927 2759 1051 2837 spectet
1074 2753 1226 2840 Hesychii
1245 2764 1279 2812 40

85 2860 190 2944 glossa
214 2861 276 2924 vol.
291 2861 306 2924 l
322 2884 354 2944 p.
374 2863 455 2926 1530
478 2862 515 2945 [l,
540 2865 560 2924 ‘2
583 2885 613 2946 p.
631 2864 704 2945 233,
723 2864 740 2927 ”l
758 2863 895 2949 Schml:
918 2865 1062 2930 εὔεοια·
1085 2867 1229 2945 εὐθηνία,

85 2974 232 3052 (ωτηρία,
256 2971 413 3054 quemad
438 2971 626 3054 Sophoclem
650 2974 752 3058 [civius
775 2975 853 3039 Oed.
875 2974 942 3039 Col.
959 2975 1022 3039 390
1043 2975 1229 3058 genetivum

85 3080 182 3144 habes
206 3081 356 3166 attolat}
403 3082 512 3166 Auget
538 3083 729 3146 emendandi
753 3083 979 3148 confidentiam
1008 3107 1079 3148 cunr
1102 3089 1229 3148 senten-

84 3191 147 3254 tiae
190 3191 394 3255 eoncirmitas
427 3195 492 3254 tum
528 3192 759 3257 immutationis
797 3194 923 3258 lenitas
968 3193 1115 3278 Namque
1148 3217 1229 3280 quae

84 3321 194 3366 recena
218 3303 392 3364 evenerant
420 3301 482 3370 duo
504 3302 756 3368 luculentissima
778 3305 934 3387 facinora,
963 3305 1111 3369 liberatio
1141 3305 1228 3369 urbis

83 3415 114 3473 ct
135 3411 276 3475 fratrum
299 3411 420 3494 caedes,
444 3411 490 3475 eis
513 3415 796 3477 commemorandis
812 3419 1061 3480 consentaneum
1083 3419 1133 3478 est
1148 3414 1228 3479 'llic-

82 3519 184 3585 banae
209 3521 351 3605 virgines
374 3544 446 3586 suos
474 3527 506 3586 et
529 3523 671 3588 laetitiae
699 3528 732 3588 et
761 3525 913 3588 maeroris
940 3547 1051 3589 sensus
1078 3525 1228 3610 prodere:

82 3653 163 3714 quae
186 3631 369 3695 sententiae
385 3633 523 3696 invicem
545 3633 606 3696 sibi
629 3635 793 3718 oppositae
817 3637 914 3700 etiam
936 3660 955 3699 a
979 3635 1092 3700 nuntio
1114 3659 1144 3700 v.
1168 3637 1229 3699 809

82 3741 172 3826 [785]
197 3739 385 3805 ferebantur
407 3742 441 3805 in
464 3743 547 3806 lnmc
571 3742 712 3808 modum:

148 4055 174 4122 ¹²)
201 4053 243 4122 [ln
267 4053 299 4108 G.
325 4051 460 4110 Dindorlli
483 4068 517 4117 lv.
537 4061 598 4124 825)
626 4055 763 4126 scriptura
786 4059 898 4113 adletae
922 4059 1008 4114 ἀεινεῖ
1030 4063 1135 4127 εωτῆρι
1158 4060 1228 4128 τύχᾳ

80 4147 176 4201 nescio
202 4145 269 4214 quid
291 4147 402 4202 molesti
421 4149 505 4216 atqua
524 4149 595 4204 adeo
616 4149 717 4203 tumidi
738 4151 938 4204 attributorum
961 4150 1110 4206 cumulatio
1132 4151 1227 4206 habet.

82 4239 322 4294 llermannianam
345 4243 452 4308 antem,
473 4259 545 4308 quae
568 4242 637 4296 haec
660 4246 704 4297 est
726 4249 830 4311 εωτῆρι
857 4245 969 4298 πόλεωε
992 4245 1112 4314 decretu,
1139 4245 1229 4298 fateor

80 4350 130 4385 noc
149 4332 245 4402 ipsam
263 4349 307 4386 me
325 4333 487 4403 intellegere
506 4351 557 4388 noe
575 4335 730 4390 adhibitam
749 4336 773 4389 ei
793 4335 1019 4406 explicationem:
1038 4341 1155 4405 εεωτὴρ
1174 4339 1228 4392 dct-

81 4443 140 4478 νεια
160 4427 208 4478 cst
227 4427 385 4495 crnrqplos:
405 4427 473 4481 nihil
492 4431 522 4482 ut
541 4427 655 4497 (teipso
674 4431 777 4483 ἀείνεια
795 4429 930 4483 vocabulo
948 4429 1059 4498 dicam]
1167 4422 1171 4431 ⁴

132 4531 177 4564 ra.
199 4529 363 4566 nrrsenrnn
384 4531 529 4566 orusrunn
549 4534 567 4566 r.
982 4518 1022 4581 47
