3052 5136
461 411 621 460 scurnum
645 409 816 458 οιιινιαιιι.
1149 393 1207 456 ’ῖ21

160 565 244 642 Quml
273 567 538 631 autem'alteram
561 571 684 650 partem
716 587 823 629 versus
846 564 1042 647 Epicharmii
1072 587 1090 627 a
1114 564 1212 626 sciolo

87 677 180 760 aliquo
202 677 348 741 adsutum
370 677 521 760 opinatur
544 677 696 760 Iosephus
719 679 840 760 (lrysar
862 675 894 738 iu
919 675 1000 738 libro
1022 675 1060 737 ‹le
1079 673 1210 738 llorieu-

86 786 156 850 sium
177 787 337 852 comoedia
360 811 391 870 p.
409 789 481 870 217,
506 787 537 850 id
554 787 680 871 quidem
703 787 874 870 speciosius
898 807 1083 868 essequam
1106 785 1211 849 verius

87 897 245 962 iudicatum
268 899 403 962 videtur.
441 899 597 962 Stohaeus
620 898 705 962 enim
731 897 789 960 etsi
813 897 921 960 Floril.
946 895 985 977 X,
1014 897 1211 979 raptorem

85 1012 198 1072 lantum
220 1011 344 1093 partem
360 1007 554 1092 Epicharmo
577 1009 700 1092 tribuit,
724 1011 832 1071 tamen
855 1007 962 1090 paullo
980 1006 1076 1088 infra,
1102 1005 1141 1090 X,
1158 1007 1210 1088 34,

86 1139 211 1182 seorsum
239 1119 345 1204 posuit
372 1119 590 1203 posteriorem.
635 1117 684 1180 lbi
712 1123 818 1181 autem
841 1117 923 1202 quod
941 1093 1071 1180 'Prodici
1095 1139 1211 1180 uorueu

86 1233 126 1291 est
146 1229 354 1313 adscriptum,
386 1252 448 1313 quo
469 1233 632 1312 tamquam
655 1228 865 1300 fundamento
887 1227 1058 1311 Grysarem
1080 1227 1140 1290 uiti
1163 1250 1211 1291 su·

85 1339 177 1420 spicor
198 1339 359 1423 opinionis
381 1361 472 1420 suae,
501 1339 532 1402 id
556 1339 619 1402 viru
642 1337 760 1401 habere
784 1338 978 1402 contrariam
1000 1337 1135 1420 senties,
1159 1338 1211 1400 uhi

86 1471 117 1510 ex
139 1449 269 1514 Aniochi
293 1450 398 1514 verbis
420 1449 595 1513 oscitanter
619 1449 772 1532 inspectis
796 1448 921 1512 Prodici
952 1471 1067 1512 numen
1092 1447 1213 1530 incogi-

85 1563 180 1624 tanter
206 1581 276 1624 esse
304 1559 433 1625 ductum
463 1559 667 1622 intellexeris.
717 1559 829 1642 ltaque
856 1581 919 1622 nou
949 1560 1052 1644 magis
1082 1559 1213 1641 (trpsari

85 1670 243 1752 assentior,
278 1669 405 1734 Prodici
434 1670 460 1734 si
493 1669 542 1732 dis
570 1669 677 1754 placet
705 1671 801 1732 verba
830 1670 870 1732 ah
894 1691 985 1732 versu
1008 1669 1214 1752 Epicharmio

84 1779 263 1862 secludenti,
302 1801 398 1863 quam
429 1779 605 1861 Bruuclrio,
636 1780 670 1844 in
699 1779 910 1862 Sophoclis
937 1779 1121 1863 fragmento
1144 1780 1213 1862 (5⁵2)

84 1889 156 1969 apud
187 1889 387 1956 Clementem
422 1889 676 1954 Alexandrinum
705 1893 820 1954 Strom.
844 1889 875 1954 ll
902 1913 933 1972 p.
958 1891 1021 1952 tur
1043 1889 1128 1954 Pott.
1161 1887 1213 1975 [fr.

85 1997 136 2060 coo
155 1999 252 2064 Dind.
284 2001 347 2066 699
370 1999 507 2088 Nauck]
537 1999 743 2064 festinantius
772 1999 891 2064 delenti
915 2002 959 2066 ὡς
981 2001 1087 2080 ἔρωτα
1110 2021 1212 2082 voces,

84 2130 152 2190 quau
173 2111 302 2194 quidem
324 2134 386 2194 qua
408 2111 532 2174 ratione
555 2110 697 2174 adiectas
713 2133 781 2174 esse
797 2111 965 2194 cogitaret,
990 2133 1054 2174 nou
1077 2111 1212 2194 aperuit.

83 2221 270 2304 Quamquam
290 2221 394 2284 fateor
409 2220 556 2286 idoneam
571 2221 610 2284 de
626 2221 690 2284 illis
706 2221 922 2285 coniecturam
937 2242 977 2284 nc
993 2221 1071 2284 nrihi
1087 2221 1214 2304 quidem

83 2349 156 2394 nunc
182 2331 214 2394 iu
238 2335 390 2414 promptu
420 2353 504 2395 esse:
545 2330 708 2416 Sylhurgii
736 2337 822 2396 certe
848 2335 879 2394 ct
907 2330 1010 2394 (trotii
1035 2335 1214 2394 commerita

82 2437 201 2503 minime
216 2441 297 2504 satis
313 2441 447 2504 faciunt.
475 2441 537 2506 Sed
553 2446 661 2505 tamen
682 2442 742 2506 hoc
759 2441 1002 2506 commemoravi
1019 2441 1154 2522 idcirce,
1179 2446 1214 2504 ut

81 2547 289 2632 fragmentum
312 2550 389 2614 illud
412 2551 615 2634 Sophoclirmr
638 2552 759 2616 (luobus
783 2553 945 2615 versiculis
961 2573 1120 2636 augerem.
1153 2551 1214 2614 Ne-

82 2679 134 2740 que
149 2661 232 2723 enirn
248 2659 360 2724 dubito
376 2661 452 2744 quin
469 2661 501 2724 iu
519 2661 681 2728 Plutarchi
707 2661 811 2726 verhis
828 2661 984 2725 Amatorii
1002 2685 1032 2744 p.
1051 2664 1106 2726 llll
1130 2662 1212 2725 l'rcf.

82 2769 149 2848 (vol.
171 2770 217 2834 IX
240 2794 274 2854 p.
297 2771 339 2834 52
362 2770 503 2856 Reisk.):
533 2773 631 2840 καίτοι
653 2775 735 2854 πρός
757 2793 793 2849 γε
816 2775 892 2837 τοὺς
915 2773 1049 2850 ἄλλους,
1073 2773 1119 2838 ὥς
1140 2793 1215 2853 φηςι

82 2877 256 2960 (οφοκλῆς,
278 2881 424 2947 ἅπαντας
447 2883 521 2948 οὔτε
543 2885 581 2947 τὸ
603 2884 734 2949 ἐπιεικὲς
757 2884 833 2949 οὒτε
855 2885 913 2963 τὴν
936 2883 1028 2961 χάριν
1051 2881 1135 2960 οἶδε,
1158 2883 1214 2962 μό-

81 3007 134 3066 νην
159 2993 193 3056 δὲ
221 2993 344 3072 ςτέρξαι
371 2994 430 3070 τὴν
459 2993 570 3056 ἁπλῶς
599 2995 701 3072 δίκην·
734 2993 865 3058 αἰδεῖται
892 2995 927 3057 δὲ
956 2995 1031 3058 τοὺς
1060 2993 1213 3071 ἐρῶντας,

80 3099 125 3160 καὶ
144 3101 253 3178 μόνοις
276 3103 404 3167 τούτοις
428 3103 486 3167 οὐκ
508 3103 592 3168 ἔςτιν
614 3104 792 3182 ἀδάμαςτοε
816 3103 891 3167 οὐδ’
913 3103 1084 3186 ἀμείλιχος,
1109 3102 1141 3166 iu
1165 3103 1214 3165 his

81 3205 171 3288 igitur
193 3233 259 3274 non
282 3211 394 3274 dubito
416 3211 493 3294 quin
509 3211 674 3295 Sophoclis
691 3235 798 3276 versus
821 3213 924 3276 adhue
948 3209 1102 3274 latuerint
1127 3210 1212 3272 hice:

223 3367 261 3429 ὃς
284 3363 360 3430 οὔτε
381 3364 558 3431 τούπιεικὲς
585 3366 660 3431 οὔτε
681 3368 740 3446 τὴν
762 3368 854 3447 χάριν

223 3473 349 3552 οἶδεν,
371 3475 474 3554 μόνην
496 3475 530 3539 δ’
552 3476 673 3555 ἔςτερξε
701 3478 759 3555 τὴν
782 3479 894 3542 ἁπλῶς
916 3477 1019 3556 δίκην

222 3585 396 3664 ἐρῶντας
419 3586 589 3650 αἰδεῖται
610 3587 668 3668 δὲ,
692 3588 754 3651 καὶ
775 3587 935 3653 τούτοις
957 3588 1094 3666 μόνοις

224 3693 293 3759 οὐκ
316 3695 395 3761 ἔςτ’
417 3695 617 3775 ἀδάματος
640 3697 722 3760 οὐδ’
746 3697 948 3777 ἀμείλιχος
970 3717 1076 3762 ποτε.

80 3865 204 3935 Praeter
227 3874 451 3938 necessitatem
475 3875 529 3938 alii
560 3873 804 3960 [Valckenarius
826 3875 931 3940 Diatr.
956 3897 987 3958 p.
1014 3877 1090 3958 187,
1119 3874 1172 3938 sed
1197 3899 1213 3965 e

79 3979 247 4070 tlemcntc]
272 3987 348 4067 ᾖδες.
388 3985 536 4050 Ceterum
559 3985 695 4068 exempli
716 3985 1004 4068 Wytteubaehiani
1027 3991 1140 4070 quarto
1162 4007 1214 4050 νο-

78 4088 192 4155 lumiue
214 4115 279 4157 uon
303 4095 392 4158 licuit
416 4095 461 4158 uti
487 4093 749 4181 [necquicquam
773 4096 846 4159 iude
869 4096 1043 4178 proficitur.
1060 4135 1101 4144 -
1124 4095 1214 4160 Cete-

78 4219 142 4263 rum
164 4203 226 4266 etsi
248 4203 287 4266 de
305 4205 459 4288 versibus,
484 4205 537 4289 qui
554 4205 587 4268 in
604 4205 768 4269 Plutarchi
785 4206 889 4269 uerbis
905 4206 1040 4290 lateant,
1064 4229 1105 4270 ue
1129 4229 1214 4270 uuuc

77 4311 199 4390 quidem
222 4313 341 4396 dubito,
366 4319 475 4378 tamen
497 4316 579 4378 tales
595 4316 704 4398 quales
724 4339 820 4398 supra
842 4317 920 4379 finxi
944 4315 1037 4381 hodie
1060 4317 1215 4400 intellego

77 4419 265 4501 Sophocleis
294 4424 344 4488 vix
374 4449 451 4488 csse.
504 4425 638 4490 Videtur
669 4425 857 4489 Plutarchus
887 4431 958 4510 post
992 4429 1109 4512 primus
1138 4431 1215 4492 duos

125 4541 169 4576 ra.
192 4541 353 4579 arrscuuurr
373 4545 517 4579 ‹rrrrscrra
538 4547 556 4580 1.
971 4533 1011 4594 4Ιὶ
