2990 5140
454 367 492 412 ru
514 366 797 415 aursrorurnnu.
1135 353 1199 422 225

74 516 260 596 Καλλιμάχου
287 519 336 582 καλ
358 519 604 597 Ἐρατοεθένουε
632 521 710 599 μετὰ
738 521 860 602 βραχύν
887 543 958 587 τινα
985 523 1106 603 χρόνον
1129 525 1197 601 ἐγέ-

72 647 137 690 νετο
157 631 222 705 τῆ(
244 632 473 707 (υνογωγῆε
501 633 578 694 τῶν
607 630 750 710 βίβλων
774 633 835 696 καὶ
857 635 1114 712 διορθώεεωε.
1160 633 1196 698 Id

72 739 167 800 ουλοοι
193 737 220 800 si
248 737 374 820 quaeris
407 738 500 822 quale
532 738 645 822 fuerit,
680 740 763 824 quod
796 741 880 804 inter
913 741 1015 825 ipsam
1045 742 1197 807 librorum

72 846 279 910 collectionem
309 851 341 912 et
368 847 510 912 indicum
539 849 802 932 compositionem
831 851 969 916 medium
1000 852 1196 917 intercedere

72 955 217 1040 debuerit,
240 957 294 1021 vix
317 958 486 1043 quicquam
508 959 654 1024 invenias
677 960 760 1044 quod
782 961 887 1046 magis
909 962 1074 1044 probabile
1097 963 1195 1046 dicas,

72 1087 155 1148 quarn
176 1067 303 1152 singrda
325 1069 503 1150 volumina,
533 1069 579 1133 ita
600 1073 636 1134 ut
659 1074 812 1155 congesta
835 1075 943 1154 erant,
975 1071 1103 1135 abillis
1126 1095 1197 1136 exa-

72 1176 181 1240 minata
195 1181 227 1242 et
241 1179 410 1264 recognita
424 1178 539 1262 fuisse,
556 1183 591 1244 ut
611 1179 685 1263 quid
701 1180 734 1244 iu
751 1203 814 1244 uno
829 1203 952 1264 quoque
968 1181 1196 1266 contineretur,

73 1285 294 1372 intelligerent,
317 1311 394 1353 num
417 1289 457 1353 ad
480 1293 659 1372 auctorem,
689 1290 776 1354 cuius
800 1313 917 1354 nornen
938 1291 1078 1376 ferebat,
1101 1293 1197 1376 perti·
1215 1301 1266 1350 2⁴⁵

73 1403 166 1480 neret,
193 1401 301 1463 utrum
323 1421 342 1462 a
364 1400 448 1464 bono
476 1400 607 1464 librario
635 1401 807 1485 diligenter
832 1405 864 1464 et
893 1401 991 1484 polite
1019 1423 1062 1464 an
1084 1400 1197 1464 vitiose

73 1510 100 1568 et
117 1507 174 1592 ita,
197 1513 232 1574 ut
254 1531 373 1574 novum
396 1510 575 1594 exemplum
602 1511 710 1594 parari
732 1515 908 1594 oporteret,
938 1511 1092 1594 scriptum
1115 1514 1198 1574 esset

71 1623 261 1702 quaererent,
294 1624 327 1683 et
349 1619 522 1684 secundum
545 1622 624 1684 haec
646 1622 754 1685 omnia
776 1621 920 1684 ordinem
942 1620 1101 1706 quendam
1124 1641 1197 1684 con·
1313 1685 1319 1697 ,

72 1727 234 1794 stituerent.
283 1729 373 1794 Haec
396 1732 482 1796 enim
510 1753 576 1795 non
598 1731 702 1795 minus
726 1753 797 1796 cum
824 1753 930 1796 rerum
958 1735 1075 1794 natura
1102 1752 1197 1814 quam

73 1857 133 1900 cum
152 1839 255 1904 indole
279 1840 407 1904 illorum
422 1841 578 1925 unorum,
601 1863 733 1928 quorum
749 1863 846 1905 unum
866 1863 1020 1926 quemque
1035 1845 1068 1904 et
1089 1841 1123 1903 in
1146 1840 1195 1920 iis,

72 1947 170 2028 quibus
183 1950 367 2033 praefectus
382 1956 468 2034 erat,
484 1952 601 2016 litteris
616 1974 681 2016 non
697 1951 900 2018 mediocriter
912 1955 1071 2016 versatum
1086 1951 1195 2027 fuisse,

72 2060 99 2118 et
125 2061 350 2142 grammaticae
378 2062 440 2126 arti
469 2084 599 2145 operam
626 2062 750 2126 dedisse
777 2062 922 2126 novimus
946 2061 1003 2132 (cf.
1027 2059 1195 2124 Ritachelii

72 2164 173 2233 Coroll.
188 2193 219 2253 p.
232 2171 276 2235 24
292 2193 377 2256 sqq,
394 2171 548 2237 Meinelrii
560 2172 645 2236 Hist.
663 2172 734 2236 crit.
751 2195 782 2256 p.
802 2173 854 2254 103
868 2170 955 2236 Suid.
969 2195 998 2235 v.
1016 2171 1197 2252 Λυκόφρων

72 2279 347 2366 ermenricum),
371 2283 576 2348 conveniunt.
622 2283 660 2346 In
683 2282 738 2346 illo
761 2285 867 2346 autem
889 2281 1020 2365 negotio
1039 2303 1110 2344 cum
1132 2301 1198 2343 non
1253 2277 1262 2302 ⁴

72 2387 159 2452 solum
179 2391 362 2476 bibulorum,
386 2392 441 2456 sed
464 2392 561 2456 etiam
583 2392 724 2476 ipsorum
740 2391 907 2455 verborum
928 2389 1197 2455 emendandomm

71 2499 179 2564 occasio
200 2500 279 2566 data
302 2505 402 2585 esset,
431 2523 493 2586 qua
522 2525 579 2587 pro
602 2525 658 2566 suo
680 2501 812 2586 quisque
834 2501 967 2565 arbitrio
990 2501 1036 2564 uti
1059 2503 1196 2584 poterat,

71 2610 197 2692 sequitur
216 2611 248 2674 id
273 2633 397 2696 quoque
420 2612 581 2696 quandam
603 2613 770 2692 διόρβωειν
793 2611 907 2694 irrisae,
931 2631 1012 2695 quae
1034 2609 1195 2692 aTzetza,

72 2718 334 2786 celeberrimorum
356 2721 511 2786 Zenodoti
533 2721 709 2786 studiorum
731 2741 883 2804 memore,
914 2721 959 2784 ita
982 2724 1114 2804 occepta
1137 2724 1195 2802 cst,

72 2831 114 2909 ut,
135 2831 211 2913 quod
234 2833 278 2896 ab
301 2832 419 2896 hocin
441 2831 573 2896 Homeri
596 2833 791 2917 aliorumque
814 2834 980 2915 poetarum
1003 2831 1197 2895 carminibus

72 2936 128 3000 lieri
152 2943 313 3024 meminit,
343 2942 383 3006 ad
412 2942 472 3006 hoc
495 2943 661 3028 negotium
683 2943 725 3006 ab
752 2943 808 3006 illo
835 2963 963 3025 prorsus
986 2935 1151 3004 diversum
1166 2943 1198 3002 et

72 3047 232 3115 seiunctum
254 3051 449 3116 transferret
476 3052 621 3137 idemque
644 3052 780 3136 duobuS,
810 3052 923 3136 quibus
952 3052 985 3114 in
1008 3073 1045 3114 eo
1067 3071 1197 3114 munere

72 3159 152 3222 sociis
171 3161 339 3244 utebatur,
368 3167 487 3226 temere
508 3161 674 3228 tribueret.
720 3163 827 3246 Atque
853 3163 899 3226 ita
924 3161 1046 3224 factum
1069 3181 1136 3224 esse
1158 3181 1196 3224 ex

71 3264 112 3328 bis
125 3271 223 3336 verbis
239 3275 379 3356 apparet
389 3295 421 3355 p.
435 3272 546 3354 110,9:
561 3273 651 3339 οὗτοι
666 3274 723 3352 μὲν
738 3273 795 3338 τὰ(
811 3273 955 3352 εκηνικάε
971 3273 1198 3351 διωρθώεοντο

71 3376 199 3456 βίβλους,
223 3383 268 3447 ὡς
292 3384 350 3447 τὰ(
371 3387 438 3448 τῶν
460 3387 604 3462 ποιητῶν
631 3383 851 3464 ἐπεεκέψαντο
875 3382 1072 3461 Ἀρίετορχοί
1090 3401 1125 3446 τε
1147 3381 1197 3444 καὶ

70 3485 284 3574 Ζηνόδοτου*).
324 3491 473 3557 Getarum
496 3496 626 3556 nonest
648 3491 844 3572 mirandum,
870 3490 951 3575 qnod
975 3489 1069 3554 latini
1092 3510 1196 3573 gram-

74 3641 257 3657 Ἢ*

127 3735 150 3800 *λ
167 3735 267 3792 Nescio
287 3753 324 3791 au
341 3736 369 3791 in
387 3739 596 3793 ἐπιεκέπτεεθοι
614 3737 700 3792 verbo
719 3755 781 3791 cunr
798 3739 972 3804 διορθοῠεθαι
990 3735 1088 3802 verbo,
1110 3736 1150 3790 ita
1167 3737 1197 3790 nt

71 3825 175 3882 eandem
196 3831 345 3898 utrumque
368 3831 423 3884 vim
444 3831 561 3896 habeat,
589 3831 735 3886 coniuncto
758 3833 841 3884 tenue
871 3829 1011 3897 quoddam
1034 3829 1197 3895 antiquioris

71 3921 207 3976 memoriae
224 3923 387 3992 configimur,
406 3940 460 3990 quo
479 3922 618 3978 sententia
634 3927 731 3976 nostra
748 3923 936 3988 confirmetur,
954 3923 1077 3976 haereat.
1108 3919 1198 3985 Quan-

71 4025 143 4076 quam
161 4014 233 4069 enim
251 4017 288 4070 ad
300 4015 490 4071 Zenodoteam
501 4015 763 4083 Aristarcbeamqne
776 4015 889 4070 Homeri
907 4015 1057 4070 editionem
1075 4013 1127 4067 hoc
1139 4030 1197 4066 ver·

71 4101 126 4158 bum
143 4109 250 4162 rettulit
268 4109 382 4176 Tactus,
399 4108 490 4179 poesie
507 4111 603 4164 tamen
620 4109 768 4174 coniicere,
787 4108 928 4162 emeliore
947 4109 1035 4172 fonte,
1055 4106 1100 4159 ubi
1118 4105 1197 4158 iustis

72 4193 158 4252 finibus
174 4201 258 4255 trium
278 4202 523 4270 grammaticorum
541 4219 638 4255 mimus
657 4202 894 4270 circumscriptum
912 4199 1007 4266 fuerit,
1029 4199 1058 4251 id
1078 4199 1197 4268 petitum

71 4287 143 4356 inque
156 4311 187 4348 eo
205 4295 240 4350 de
259 4295 312 4350 hoc
324 4311 436 4350 munere
455 4295 577 4366 positum
594 4294 687 4350 scrisse.
723 4295 795 4348 Nam
812 4293 880 4348 illud
897 4294 1000 4362 ipsum,
1019 4291 1093 4359 quod
1105 4310 1197 4346 rerum

72 4385 160 4438 rratrrm
171 4387 330 4442 examinata
347 4387 493 4458 probabile
504 4405 566 4443 csse
583 4388 750 4452 invenimus,
768 4389 976 4442 ἐπιεκέπτεεθοι
994 4387 1079 4440 verbo
1092 4387 1197 4456 optime

116 4487 156 4523 eu.
175 4491 339 4528 arrecaaun
359 4491 504 4528 ornacum
525 4495 543 4530 r.
957 4473 996 4538 15
