2952 5132
347 313 504 362 nroursu
528 311 878 360 ultroneussssusrs.
1123 292 1187 354 485

60 465 123 526 sino
146 465 358 530 commendari
380 465 572 530 Vrbinatenr
600 487 696 549 supra
719 464 870 546 vidimus,
898 463 975 548 quin
1002 462 1033 524 id
1057 461 1090 526 in
1113 461 1185 526 11111-

59 575 143 638 siano
174 597 294 659 quoqne
322 577 515 658 reperiatur,
552 576 639 640 nulla
667 575 793 638 illarum
829 597 907 658 quas
934 573 1186 658 significavimus

59 684 249 767 lacunarum,
283 707 364 769 quae
394 707 458 750 non
492 685 609 748 eisdem
641 685 678 748 in
706 683 766 748 hoc
800 706 922 768 quoque
955 683 1185 768 supplementis
1204 693 1235 738 '2⁴

59 795 189 858 tollatur.
234 795 354 860 Contra
387 795 441 858 lib.
472 795 550 877 Vll,
580 797 619 860 61
654 795 750 876 haec,
784 816 865 878 (lnce
899 793 1036 858 diductis
1068 793 1185 856 litteris

59 925 197 986 expressa
218 904 349 986 subieci,
373 904 541 969 excidisse:
564 907 674 984 ἐπειδὴ
698 905 845 984 πάντωτ,
871 903 897 968 ὦ
920 905 1093 984 δήμαρχοι,
1124 908 1184 984 ψῆ-

59 1037 118 1094 φον
140 1015 346 1095 ἐπενεχθῆναι
367 1017 439 1096 περί
460 1019 519 1080 τοῦ
541 1015 660 1094 ἀνδρὸ(
682 1017 902 1094 προθυμεῑεθε,
925 1015 1023 1094 μηδὲν
1041 1015 1103 1080 ἔξω
1126 1018 1184 1078 τοῦ

59 1126 240 1204 ἐγκλήματα(
262 1129 478 1204 κατηγορεῖτε·
516 1125 700 1206 ἀφεί(θαι
722 1125 794 1202 γὰρ
817 1125 938 1190 αὐτὸν
961 1124 1183 1204 ἐψηφίτατο

60 1236 187 1314 ταύτη(
209 1239 275 1314 τῆ(
297 1236 425 1300 αἰτία(
447 1237 490 1300 τὸ
513 1237 723 1314 (ονέδριον
751 1234 896 1298 καὶέπὶ
919 1235 1052 1314 ρητοῑ(
1076 1235 1183 1311 ίίκειν

60 1345 106 1408 εί(
126 1345 193 1410 τὸν
216 1349 355 1423 δῆμον·
378 1345 452 1410 ἀλλ’
468 1346 576 1424 ἐπειδὴ
591 1347 754 1425 τυραννίδι
776 1347 853 1424 κτλ,
877 1343 925 1406 vel
943 1343 1021 1406 haec
1038 1342 1127 1424 Vlll,
1144 1344 1183 1408 77

60 1457 130 1515 extr.
156 1457 225 1532 μιαί(
253 1455 316 1533 γὰρ
344 1457 612 1534 καταλειπομένη(
643 1455 753 1521 αὐτοί(
780 1455 884 1534 τρίπγ(
911 1453 1038 1533 μερίδα(
1065 1455 1084 1532 ἢ
1112 1453 1183 1532 οὐχ

60 1563 150 1628 Ιε’ξειν
178 1564 239 1628 ὅτι
267 1565 457 1629 δώ(ου(ιν
486 1565 656 1630 ἐκείνοι(
685 1565 801 1644 μέρο(
828 1563 910 1642 ἢτὰ
931 1562 1026 1642 ὅμοια
1048 1583 1183 1642 ψηφιεα-

60 1673 180 1755 μένουε,
213 1695 255 1736 ne
277 1673 464 1736 tenuissimo
486 1673 612 1757 quidem
637 1673 802 1736 Vrbinatis
831 1672 967 1756 vestigio
989 1671 1182 1756 proditur*),

60 1781 106 1844 sed
127 1803 143 1846 e
162 1783 229 1846 solo
252 1783 452 1867 intellegitur
467 1783 629 1855 (illisione.
660 1782 774 1846 Eidem
795 1781 854 1845 soli
877 1781 1032 1844 debentur
1055 1781 1087 1845 in
1112 1787 1183 1846 octo

61 1893 197 1972 prooemii
221 1893 380 1976 capitibus
403 1890 463 1956 hae
482 1893 658 1975 scriptume
673 1913 826 1976 nragnam
849 1893 972 1974 partem
995 1891 1181 1974 exquisitae,

60 2001 119 2064 siue
139 2003 324 2086 exceptione
347 2023 456 2066 verae:
480 2002 687 2082 ὑπηγάγοντο
702 2023 734 2084 p.
751 2003 782 2083 3,
802 2001 851 2083 16,
875 2001 1001 2064 inverso
1016 2000 1182 2064 verborum

61 2109 157 2174 ordine
177 2113 350 2193 τριάκοντα
372 2112 425 2190 ἔτη
448 2133 478 2194 p.
495 2113 526 2192 4,
554 2111 602 2192 13,
624 2113 696 2192 περὶ
718 2111 835 2174 omissa
857 2111 1063 2174 molestaret
1085 2109 1182 2192 parti-

62 2219 123 2282 cula
143 2221 172 2302 6,
195 2221 248 2302 29,
278 2222 534 2300 ἐνθυμουμένου(
562 2220 601 2284 ad
624 2241 827 2304 praegressos
850 2219 1025 2284 infinitivos
1047 2219 1183 2282 relatum

61 2329 86 2408 8,
109 2331 153 2410 16,
176 2330 273 2408 αὐτῆ(
295 2331 326 2412 8,
352 2329 392 2394 15
414 2333 446 2394 ct
468 2331 670 2410 φιλοθέωρο(
693 2334 729 2412 s,
753 2331 809 2410 27,
834 2350 914 2412 quim
939 2327 1060 2392 Reiskii
1082 2350 1181 2412 sagax

61 2437 210 2521 ingenium
232 2439 356 2523 pridem
386 2439 636 2522 coniectaverat,
665 2441 722 2520 μὲν
751 2438 811 2504 οὖν
841 2459 897 2520 pro
920 2441 976 2518 μὲν
1000 2439 1030 2519 ll,
1054 2439 1111 2502 30:
1142 2461 1182 2501 ne

61 2545 88 2608 in
108 2549 286 2613 exilioribus
305 2549 466 2631 haeream,
489 2549 582 2633 quale
605 2553 653 2612 cst
674 2548 791 2614 rectius
813 2548 967 2631 scriptum
988 2549 1183 2626 ἐνενήκοντα

61 2656 101 2718 τοί
131 2659 291 2743 antiquius
328 2661 577 2740 Ἁλικαρνατεύε.
628 2658 689 2724 sed
724 2658 820 2722 etiam
853 2658 954 2721 maior
992 2660 1041 2720 est
1074 2679 1181 2720 eornm

61 2785 192 2832 uumerus
215 2769 372 2850 locorum,
401 2769 436 2832 iu
463 2767 576 2852 quibus
605 2768 794 2832 coniunctae
817 2767 960 2832 chisiani
988 2770 1020 2830 et
1042 2767 1181 2830 Parisini

61 2878 230 2942 auctoritati
257 2901 324 2942 non
351 2881 458 2962 potest
485 2900 550 2942 non
579 2877 689 2942 cedere
717 2878 866 2942 Vrbinns.
912 2875 1029 2940 Eorum
1056 2881 1180 2959 partem

60 3005 141 3066 supra
170 2987 351 3068 attulimus,
383 3009 453 3050 curn
482 2987 521 3050 de
549 2987 713 3070 Stephano
740 2987 936 3050 dicebamus:
974 2985 1088 3048 addere
1117 2985 1180 3049 nlia

60 3092 132 3177 licet,
154 3100 189 3160 nt
202 3097 488 3174 ἐγκαταλείποντε(
511 3119 541 3180 p.
558 3097 589 3178 2,
606 3097 637 3178 9,
660 3097 713 3159 ubi
729 3096 780 3160 vix
801 3094 877 3160 ferri
901 3093 1036 3158 aoristus
1059 3098 1180 3176 potest,

60 3207 265 3284 προ(ηγοίγετο
287 3207 319 3288 4,
343 3205 395 3287 21,
423 3206 478 3269 ubi
500 3209 627 3270 tantum
649 3207 739 3270 abest
767 3209 802 3268 nt
829 3209 960 3288 propter
986 3205 1180 3284 προῦβαινεν

59 3312 224 3394 requiratur
250 3314 489 3398 imperfectum,
519 3314 551 3377 id
580 3319 616 3378 ut
645 3316 804 3398 repugnet
830 3313 1009 3378 sententiae
1036 3313 1179 3394 veritati3

58 3419 182 3501 ἑτρὰπην
203 3425 235 3506 5,
262 3425 301 3486 16
323 3425 423 3488 multo
446 3425 688 3488 convenientius
717 3445 812 3506 quam
839 3423 1021 3504 ἐτραπόμην
1050 3427 1180 3506 propter

59 3547 232 3614 praegressa
254 3533 332 3598 ἄνευ
360 3537 511 3614 λογι(μοῡ
534 3536 585 3599 καὶ
611 3534 767 3614 προναία(
790 3535 963 3613 ἔμφρονο(
1011 3533 1179 3596 &umecta-

60 3635 128 3700 τίνοι
148 3645 212 3724 est,
243 3645 279 3705 nt
306 3643 403 3706 ctiam
432 3644 486 3706 ubi
516 3643 689 3706 necessitas
718 3642 868 3726 sequendi
891 3643 940 3705 vel
963 3641 1107 3706 Olrisiuni
1130 3641 1177 3704 vel

62 3741 210 3812 l'rbiuatis
233 3750 322 3814 nulla
344 3752 396 3834 sit,
421 3755 474 3816 sed
498 3753 599 3816 libera
621 3752 709 3835 optio
724 3751 810 3834 data,
834 3757 943 3815 tamen
966 3751 1050 3816 illius
1073 3751 1177 3834 potins

59 3875 140 3932 quam
171 3857 263 3922 huius
297 3859 391 3924 fidem
426 3861 657 3944 amplectamur
689 3866 721 3924 ct
747 3865 912 3942 προειπεῖν
945 3861 1051 3944 potius
1084 3883 1178 3943 quam

59 3961 144 4030 εἰπεῖν
170 3967 361 4032 asciscamns
389 3970 541 4052 prooemii
569 3971 677 4054 initio,
706 3971 788 4056 quod
816 3973 864 4034 cst
890 3993 968 4034 sune
997 3969 1179 4052 impeditius

74 4118 244 4130 Ἥ

115 4217 139 4282 *l
160 4217 214 4285 [De
232 4220 286 4274 hoc
303 4220 432 4276 fefellisse
451 4221 608 4290 opinionem
627 4223 763 4288 intellexi,
784 4241 816 4278 cx
835 4241 890 4291 qno
909 4225 1054 4290 utrumque
1072 4221 1179 4276 additu·

62 4311 168 4363 neutum
186 4313 308 4382 comperi
325 4331 355 4368 re
372 4331 438 4370 vera
455 4317 564 4370 exstare
582 4317 610 4370 in
629 4315 781 4388 Vrbinato.]
