2976 5140
293 356 356 419 652
675 373 721 417 ινα
747 372 816 418 eleo
839 373 883 416 αι
907 372 1048 418 οιιιοιιΕ.

293 529 402 590 διανὸς
431 529 502 606 περὶ
530 533 651 591 παθῶν.
702 525 791 599 Quod
820 525 945 607 quidem
975 524 1076 588 solinu
1104 526 1279 608 exemplum
1304 527 1390 588 etiam

293 637 332 698 ad
356 661 393 699 ea
416 639 499 715 πάθη
523 637 663 719 pertinet
686 637 831 719 (propter
858 636 1018 719 hyphen),
1048 659 1145 720 quae,
1176 659 1248 699 eum
1268 658 1331 719 pars
1348 637 1392 697 sint

292 749 483 831 προςιρδίας,
508 747 631 810 αδδιτο
655 739 841 830 quaestione
864 746 1070 809 seiunximus.
1106 746 1229 810 Ibidem
1251 770 1281 830 p.
1299 746 1393 826 (5:35,st
1470 741 1471 764 ¹

292 859 502 938 erupentia,
532 859 561 921 ολ
583 861 640 936 μὲν
664 858 810 922 ἀπὸτοῦ
833 858 1029 935 παντορηςία
1050 859 1129 922 κατὰ
1154 859 1317 936 ςυγκοπήν,
1335 856 1393 932 ὅπερ
1470 911 1471 924 ,

292 969 372 1033 ἐςιὶν
402 968 541 1033 ἄτοπον
570 970 651 1032 ἀλλὰ
680 971 767 1048 παρὰ
794 971 832 1033 τὸ
863 971 927 1032 πᾶν
955 968 1087 1044 γίνεται·
1122 975 1262 1051 ςυγκοπῇ
1287 969 1339 1045 γὰρ
1360 967 1395 1028 οὔ.
1470 1037 1471 1056 ¹

293 1079 373 1144 ἀλλὰ
403 1087 524 1163 τροπῇ,
557 1081 575 1158 ἡ
605 1080 710 1144 πάντα
733 1081 768 1144 ἐν
791 1080 871 1163 αὑτῇ
901 1079 1012 1162 (vulgo
1038 1079 1132 1163 αὐτῇ)
1162 1080 1277 1158 ἔχουςα
1298 1079 1340 1141 καὶ
1361 1077 1395 1138 λε’-
1470 1063 1471 1068 ¹

290 1212 399 1266 γοντα.
429 1192 501 1268 περὶ
523 1197 647 1254 παθῶν.
678 1175 767 1254 οὕτω
791 1192 840 1254 καὶ
862 1191 972 1269 Ὧρος.
1018 1189 1066 1252 De
1094 1190 1211 1252 omisso
1239 1189 1271 1251 in
1289 1187 1341 1250 hoe
1359 1209 1395 1266 ge

292 1322 367 1362 nere
389 1303 586 1378 Ἡρωδιανὸς
609 1301 737 1363 nomine
762 1303 802 1363 ef.
828 1305 847 1379 ξ
874 1301 921 1362 19.
968 1300 1190 1363 Adversantur
1217 1303 1316 1362 autem
1338 1318 1396 1379 quae

291 1411 375 1473 infra
399 1412 498 1494 posui.
545 1411 652 1493 Etym.
673 1411 716 1473 M.
742 1433 772 1493 p.
790 1413 862 1492 684,
879 1412 936 1474 56:
960 1413 1097 1489 πόςθη,
1119 1411 1309 1486 τὸαίδοῑον,
1327 1411 1396 1472 πλω-

291 1528 398 1604 ναςμῷ
421 1526 479 1586 τοῦ
505 1542 536 1596 ς,
560 1521 632 1586 οἷον
654 1523 752 1599 πὸθη·
776 1524 820 1584 δι’
841 1523 878 1599 ἧς
899 1523 938 1585 τὰ
960 1527 1017 1590 τρῡ
1040 1522 1145 1585 πόθου
1167 1522 1290 1596 γίνεται
1315 1517 1396 1595 Ὦρος.

292 1633 309 1695 ὁ
333 1633 367 1695 δὲ
382 1632 591 1711 Ἡρωδιανὸς,
615 1633 747 1710 πρὸςθη,
770 1635 842 1711 περὶ
865 1613 986 1696 παθῶν.
1004 1671 1046 1680 -
1062 1630 1169 1713 Ελρτιι.
1188 1631 1231 1693 M.
1253 1653 1282 1712 p.
1296 1629 1357 1698 542,
1369 1627 1397 1688 λλ

292 1764 363 1803 eum
386 1741 487 1803 Paris.
513 1741 619 1804 ΙΙιινιι.
650 1765 680 1823 ρ.
705 1742 783 1823 936,
814 1741 895 1804 (siud.
927 1765 958 1824 p.
983 1742 1061 1824 350,
1086 1743 1144 1824 44,
1174 1741 1251 1804 Zeu.
1275 1763 1303 1823 p.
1328 1739 1415 1802 ddi·

290 1853 424 1916 κτίλος
447 1903 453 1914 .
477 1903 483 1914 ,
507 1903 513 1914 .
536 1903 542 1914 .
567 1853 666 1916 ολονέι
695 1852 783 1916 κὶλος
806 1873 851 1916 τις
879 1854 941 1934 ὤν,
971 1856 1162 1938 πλεοναςμῷ
1192 1855 1249 1916 τοῦ
1275 1849 1396 1914 τιπίλοι.

290 1953 377 2040 παρὰ
399 1963 437 2025 τὸ
461 1962 549 2040 κίειν,
573 1963 591 2025 ὸ
615 1964 677 2026 ἐςτι
700 1963 902 2041 πορεύεςθαι·
936 2013 943 2024 .
967 2013 973 2024 .
997 2014 1002 2025 .
1027 2013 1033 2025 .
1056 1964 1074 2039 ἢ
1099 1963 1163 2026 ἀπὸ
1186 1967 1245 2025 τοῦ
1264 1961 1318 2024 ἵκω
1336 1957 1397 2020 ἱκτὸι

291 2074 335 2135 ὼς
358 2073 461 2135 τὸςςω
484 2073 598 2136 τακτὸς
621 2075 670 2136 καὶ
693 2076 801 2137 πλέκω
826 2075 971 2153 πλεκτὸς,
997 2074 1045 2136 καὶ
1070 2072 1177 2151 ὥςπερ
1194 2073 1259 2137 ἀπὸ
1280 2073 1331 2134 τοῦ
1344 2069 1397 2130 πέν-

290 2190 366 2247 θους
389 2183 510 2258 γίνεται
533 2184 682 2247 πενθίλος
705 2187 755 2247 καὶ
778 2184 843 2247 ἀπὸ
866 2189 924 2247 τοῦ
947 2187 1025 2247 ναῦς
1049 2183 1213 2264 ναυτίλος,
1244 2183 1338 2246 οὕτως
1355 2177 1397 2240 οὑν

289 2295 339 2357 καὶ
361 2293 445 2356 ἱκτός
467 2294 582 2357 ἱκτίλος
606 2295 654 2356 καὶ
677 2296 754 2371 μετὰ
776 2299 831 2371 τῆς
855 2294 1054 2373 ἀφαιρέςεως
1077 2292 1168 2376 (μετὰ
1190 2297 1245 2370 τῆς
1267 2291 1398 2368 έπάρςειιι

289 2404 366 2466 Zeu.
392 2403 499 2486 Etym.
526 2403 581 2478 M„
612 2405 776 2483 ἀφαιρέςει
800 2403 897 2487 dud.)
927 2409 985 2467 τοῦ
1016 2405 1161 2468 ικτίλος.
1198 2405 1236 2466 τὸ
1264 2405 1314 2480 μὲν
1334 2401 1397 2475 πρώ-

289 2537 347 2578 τον
371 2515 469 2592 Ὦρος
494 2515 512 2576 ὸ
536 2515 689 2591 Μιλήςιος
718 2515 773 2590 (ef.
800 2519 819 2593 ξ
846 2516 914 2598 10),
949 2520 1044 2579 τοῦτο
1075 2517 1110 2578 δὲ
1134 2515 1324 2592 Ἡρωδιανὸς
1348 2507 1399 2584 περὶ

290 2628 411 2688 παθῶν.
457 2623 576 2696 Quibus
605 2625 701 2686 tertia
728 2625 883 2708 quaedam
914 2625 1086 2708 eiiginatio
1104 2604 1264 2706 ¹perveffie
1285 2619 1397 2684 immina

239 2748 272 2795 64
291 2737 340 2796 esi
369 2734 401 2795 in
430 2733 538 2816 Etym.
569 2734 612 2796 M.
642 2773 685 2781 -
714 2734 780 2797 Nee
814 2735 895 2798 alius
922 2736 983 2798 nisi
1013 2734 1215 2796 Herodianus
1244 2737 1289 2795 est
1314 2732 1399 2802 ὸτεχ-

290 2845 375 2908 νικὸς
399 2867 474 2906 voce
499 2849 620 2920 ςῑτος,
654 2846 692 2906 de
725 2867 787 2927 qua
817 2845 887 2906 vide
917 2845 1011 2925 §22
1035 2845 1070 2907 2:
1107 2864 1296 2926 quamquam
1316 2837 1398 2902 eedem

290 2955 417 3018 nomine
438 2977 502 3016 ιιοιι
519 2955 633 3037 ignoro
649 2954 746 3016 etiam
762 2954 961 3036 Dionysium,
988 2953 1205 3037 Apollonium,
1231 2951 1398 3015 Alexionem.

289 3064 511 3146 'Plieedesi11111‚
537 3065 788 3128 Choereboseum
813 3065 986 3147 designari.
1023 3065 1072 3128 df.
1097 3087 1127 3126 ν.
1151 3054 1399 3140 xdic10v§2‘-'‚'·’·

289 3173 427 3236 Eosdem
451 3174 550 3256 igitur
573 3177 644 3253 περὶ
666 3181 780 3240 παθῶν
810 3176 907 3238 libres
931 3175 1027 3237 eiiam
1051 3175 1104 3236 ubi
1128 3172 1320 3253 Ἡρωδιανὸς
1339 3165 1400 3248 pesi-

289 3288 354 3346 tum
380 3287 428 3346 est
451 3285 648 3366 simpliciter,
674 3285 837 3368 intellege,
862 3289 896 3347 αι
919 3285 1026 3367 Etym.
1044 3284 1088 3347 M.
1105 3306 1137 3367 p.
1153 3283 1208 3366 43,
1225 3285 1280 3346 40:
1301 3277 1402 3343 ὸϊτὶιι(

289 3447 324 3458 ..
349 3447 354 3458 .
379 3448 384 3457 .
409 3397 606 3473 Ἡρωδιανὸς
635 3397 931 3474 προπαροξυτόνως
955 3397 1055 3472 λέγει,
1082 3397 1148 3458 ἀπὸ
1171 3393 1326 3459 τοῦαῑτις
1345 3385 1403 3461 esd·

289 3509 353 3568 ιοιιι
377 3505 471 3588 αἷτις)
495 3505 614 3569 αἷτιδος
638 3506 757 3569 αἶιιδας
781 3508 830 3569 καὶ
853 3506 1000 3589 ἀποβολῇ
1024 3511 1081 3570 τοῦ
1103 3511 1122 3569 δ
1147 3503 1259 3590 [αἴτιος
1280 3503 1326 3566 καὶ
1345 3507 1403 3562 διαι-

289 3618 370 3694 ρέςει
394 3617 516 3698 ὸιῖτιας]Ι
541 3618 569 3679 0‘1
593 3619 627 3678 δὲ
651 3618 721 3694 περὶ
746 3617 845 3695 Ὦρον
868 3618 1015 3692 λέγουςιν
1038 3616 1097 3689 ὸτι,
1122 3616 1148 3679 εἰ
1170 3617 1210 3692 ἦν
1232 3615 1339 3688 οὕτως,
1360 3625 1403 3668 ονι

290 3727 352 3807 Ιὸιν]
376 3728 516 3806 ὤφειλεν
541 3726 736 3805 ἀποβάλλειν
765 3729 802 3790 τὸ
826 3732 858 3790 δ·
892 3728 931 3789 τὰ
953 3729 1015 3805 γὰρ
1038 3727 1103 3789 ἀπὸ
1127 3730 1193 3789 τῶν
1223 3725 1264 3788 εἰς
1286 3743 1310 3786 ις
1331 3720 1405 3793 deiv-

289 3842 354 3900 κων
378 3837 438 3899 οὐκ
461 3837 678 3915 ἀποβάλλουςι
701 3839 737 3900 τὸ
761 3842 787 3899 δ.
811 3836 942 3914 ἄμεινον
966 3837 1026 3900 οὖν
1048 3836 1255 3914 παροξύνειν,
1283 3827 1405 3894 ἀπὸτοῦ

288 3948 388 4023 ὸιῖτης.
413 3985 452 3992 --
477 3946 598 4007 Ibidem
621 3969 652 4028 p.
681 3947 755 4026 164,
780 3948 837 4010 33:
876 3948 973 4010 ἰαύω
997 3998 1003 4008 .
1026 3997 1032 4009 .
1056 3997 1091 4010 ..
1125 3947 1211 4022 παρὰ
1231 3945 1286 4007 τὸν
1309 3939 1405 4004 iem

288 4061 379 4134 δηλοῖ
401 4059 458 4120 τὸν
481 4057 600 4133 μόνον,
628 4057 747 4131 γίνεται
775 4057 833 4119 ἰὸω
858 4057 932 4138 (idei
955 4055 1034 4119 Zon.
1057 4078 1078 4138 p
1117 4055 1210 4135 1082]
1241 4053 1276 4116 τὸ
1297 4045 1405 4128 μονὸὲιι·

287 4169 336 4229 καὶ
359 4171 550 4248 πλεοναςμῷ
573 4173 631 4230 τοῦ
655 4188 675 4230 α
698 4169 730 4250 (υ
753 4167 847 4250 Zeu.)
872 4167 966 4230 ἰαύω·
989 4168 1039 4229 καὶ
1063 4166 1136 4244 γὰρ,
1158 4165 1259 4246 φηςἰν,
1281 4157 1405 4236 ἡςυχὸῑιῑ

287 4281 345 4338 τοῦ
375 4279 588 4341 καθεύδοντος
618 4277 636 4338 ὸ
666 4276 733 4354 βίος
763 4276 833 4358 (τὸν
868 4277 1065 4341 καθεύδοντα
1095 4276 1114 4338 ὸ
1143 4274 1209 4354 βίος
1235 4270 1334 4352 Etim.
1361 4263 1403 4325 λλ·

288 4387 305 4448 ὁ
324 4387 487 4450 καθεύδων
504 4386 608 4468 Zeu).
639 4387 745 4464 Ὦρος.
768 4388 838 4450 ὁδὲ
854 4389 1052 4464 Ἡρωδιανὸς
1075 4387 1160 4460 λέγει
1182 4384 1262 4460 παρὰ
1283 4380 1317 4442 τὸ
1337 4374 1392 4436 οὖν)
