2990 5140
466 321 502 368 m
525 319 806 369 anierornauun.
1145 309 1206 371 211

55 478 170 550 ιοῆμον
192 449 383 552 (τραφέντεε
406 471 469 549 ἅμα
491 473 528 536 τὸ
551 473 630 538 αὐτὸ
653 474 767 550 ἔλεγον
791 476 840 538 καὶ
862 476 1004 556 (τροφὴν
1023 477 1072 540 καὶ
1094 479 1206 556 προοί-

76 603 149 659 μιον.
191 583 305 646 Ἕνεκα
326 584 383 660 μὲν
405 586 472 645 τῶν
495 583 690 663 εὐχορίετων
712 588 811 648 ταῦτα
833 583 958 665 ἐγράφη
979 606 1045 663 μοι·
1069 585 1206 666 ἀποδρέ-

77 697 162 757 τιεεθε
189 693 224 756 δὲ
253 693 302 755 καὶ
331 691 417 770 ὑμεϊε
438 692 576 769 τούτων,
597 694 777 770 γεννήματα
799 695 936 772 ἐχιδνῶν
958 696 1008 758 καὶ
1030 695 1205 775 ἀχάριετοι.

77 803 208 878 Φάμενοι
229 803 266 866 δὲ
288 803 337 865 καὶ
361 802 399 866 τὸ
422 803 518 877 γένος
532 806 592 866 τοῦ
612 806 748 880 ποιητοῦ
770 804 821 867 καὶ
841 804 899 868 τὸν
915 806 1036 870 τκοπὸν
1050 807 1108 868 τοῦ
1131 805 1206 884 δρά-

77 931 180 989 ματος,
208 911 394 989 χωρίεωμεν
422 911 473 975 ἐπὶ
500 913 560 991 τὴν
587 916 646 976 τοῦ
674 913 822 991 κειμένου
850 915 957 992 εἀφήν
984 915 1035 978 καὶ
1068 915 1206 993 εχολὶαιν

48 1045 67 1080 a
77 1023 165 1086 τινῶν
187 1019 421 1100 ἀναπλήρωειν.

152 1213 299 1298 Sequitur
320 1215 355 1278 in
378 1215 486 1280 codiee
508 1217 604 1293 γένοε
630 1217 893 1298 Ἀμτετοφάνουε,
916 1217 1031 1280 deiude
1053 1219 1205 1284 Πλούτου

78 1325 227 1402 ὺπόθεειε,
251 1328 318 1388 tum
340 1347 448 1389 versus
471 1329 536 1388 tres

154 1433 264 1512 Βίβλοε
286 1435 371 1510 ἐγὼν
394 1436 498 1515 εχεδίη
521 1437 777 1518 πρωτόγραφοε,
800 1437 900 1516 αὐτὰρ
922 1439 941 1502 ὁ
964 1439 1114 1517 Ῐζέτῑηε,

154 1544 390 1624 Φαυλογμάφοε
412 1567 473 1624 περ
495 1547 570 1622 ἐὼν,
593 1547 833 1626 πρωτογράφοε
855 1547 943 1612 ἔεκεν
965 1548 1067 1626 ἐμεῖο

192 1653 340 1734 (eurora
361 1656 389 1718 δ’
411 1657 558 1738 εἰεοραᾷε
581 1657 653 1720 πᾶς’
675 1657 837 1735 ἀμίγναιτα
858 1657 948 1721 τάδε’;

80 1782 146 1842 quos
166 1765 230 1826 tres
251 1763 381 1827 fabulae
403 1763 531 1846 Platae,
556 1763 665 1828 Nubes
672 1815 681 1848 ,
705 1764 818 1828 Ranae
839 1765 1014 1850 (cte-105)
1030 1767 1204 1850 excipiunt.

81 1870 207 1934 Sebedae
232 1873 293 1937 100
315 1873 453 1956 priorem
475 1874 629 1958 paginam
644 1874 795 1958 Equitum
817 1879 1040 1960 argumentum
1056 1880 1088 1940 et
1110 1877 1206 1959 primi

80 1980 203 2064 quinque
218 1981 317 2064 ipsius
333 1983 461 2048 fabulae
477 2005 585 2046 versus
601 1987 776 2067 occupant,
795 1985 829 2048 in
845 1985 947 2048 altera
963 1989 1069 2048 autem
1084 1986 1205 2070 pagina

81 2109 175 2152 versus
202 2089 368 2154 Tnetziani
395 2091 562 2176 leguntur,
592 2093 705 2176 quibus
733 2099 958 2178 argumentum
986 2095 1104 2158 Avium
1132 2115 1205 2158 eon·

81 2196 202 2282 tinenu,
225 2200 409 2283 praemissis
433 2201 503 2264 aliia
526 2201 730 2284 quibusdam,
754 2224 886 2286 quorum
908 2202 969 2266 hoe
991 2207 1039 2266 est
1060 2203 1203 2268 initium:

83 2305 192 2384 operere
227 2314 332 2391 δρᾶμα
368 2312 506 2390 κωμικὸν
540 2313 804 2392 Ἀμιετοφάνουε·
840 2313 1052 2391 γραμματικόε
1087 2314 1205 2379 Βυζάν-

82 2436 152 2493 τιοι,
184 2419 285 2500 οὗπερ
308 2421 538 2500 Ἀμιετοφάνηε
566 2422 689 2502 ἔγραψε
716 2424 775 2500 τὴν
805 2420 965 2497 eneam,
993 2423 1012 2499 ἢ
1035 2424 1131 2486 κεῖται
1158 2425 1204 2507 ab

83 2528 187 2610 βιβλίῳ.
226 2531 363 2609 Τζέτζηε
390 2531 428 2595 τὸ
455 2533 559 2610 δρᾶμα
586 2519 684 2596 τοῦτο
712 2533 748 2595 δὲ
775 2533 890 2596 θειάΖει
917 2533 968 2594 καὶ
996 2531 1126 2612 ἐξαίρει,
1159 2533 1204 2596 ὼε

83 2634 292 2718 Λαειττμάτην,
327 2639 504 2719 Ἀχαρνεϊε,
538 2639 671 2719 Εἰρήνην
704 2661 738 2704 τε
771 2642 821 2705 καὶ
848 2639 938 2706 ἄλλα
988 2639 1111 2704 Sebeda
1145 2641 1203 2704 101

84 2763 154 2807 seeo.
169 2745 227 2810 XV
248 2747 408 2831 scriptura
430 2751 539 2813 vacat:
565 2749 625 2812 108
640 2770 666 2812 r.
690 2748 724 2812 in
746 2747 884 2812 seeundo
899 2749 1016 2812 Avium
1038 2770 1130 2812 versu
1152 2749 1204 2812 de-

83 2851 162 2934 sinit;
187 2857 307 2942 reliqua
336 2857 421 2920 enim
443 2857 506 2921 ista
529 2859 710 2942 argumenti
732 2858 903 2941 descriptio
925 2861 1076 2940 occupat:
1101 2859 1160 2922 108
1174 2881 1202 2921 ν.

85 2967 344 3030 oommentarioloa
371 2967 599 3052 grammaticos
629 2967 782 3032 eontinet.
827 2967 915 3042 Quae
942 2967 1069 3051 quidem
1096 2967 1204 3031 omnia

84 3069 136 3152 ita,
156 3079 189 3136 ut
209 3076 241 3138 in
259 3076 367 3140 codiee
388 3077 567 3160 perscripta
582 3079 673 3160 sunt,
697 3077 846 3160 apposui,
870 3077 955 3140 utin
970 3077 1107 3160 reliquas
1129 3099 1203 3160 quo-

84 3201 148 3262 que,
169 3191 222 3247 aut
242 3187 279 3250 in
301 3185 407 3269 plures
428 3189 515 3250 certe
537 3209 632 3270 quarn
654 3186 689 3250 in
711 3191 776 3250 tres
798 3187 885 3268 illae,
910 3185 1061 3250 aTzetza
1083 3186 1204 3250 scholia

84 3289 167 3353 fuisse
193 3295 367 3378 composita
394 3295 611 3380 intelligatur:
639 3295 736 3358 immo
763 3295 816 3358 vix
844 3295 955 3360 dubito
980 3295 1057 3378 quin
1079 3296 1113 3358 in
1135 3295 1204 3378 ipso

86 3397 192 3486 codiee,
224 3425 241 3468 e
268 3426 331 3488 quo
359 3405 590 3468 Ambrosianus
624 3404 801 3487 descriptus
829 3407 894 3486 eet,
929 3407 984 3467 aut
1011 3425 1120 3468 omnes
1149 3408 1204 3467 aut

85 3506 176 3586 plures
190 3512 316 3577 fabulae
331 3514 513 3598 extiterint,
538 3536 554 3577 e
577 3514 691 3598 quibua
712 3513 876 3594 librariae,
901 3513 1107 3596 complurium
1132 3533 1204 3594 poe·

85 3617 175 3683 tarum
202 3622 344 3686 earmina
373 3622 620 3706 compositurum
655 3645 708 3686 eas
741 3645 821 3707 quae
855 3623 992 3686 maxime
1026 3621 1205 3687 celebratae

87 3731 166 3790 eraut
189 3731 429 3815 deprompserit,
480 3733 524 3796 Et
557 3736 670 3796 extant
702 3733 838 3796 fortasse
866 3732 983 3796 Avium
1018 3732 1139 3796 scholia
1170 3733 1204 3794 in
1225 3743 1272 3790 123

87 3835 179 3901 codiee
200 3839 355 3905 Vrbiuate
381 3843 455 3924 141,
485 3864 546 3922 quo
570 3865 643 3906 usus
671 3847 720 3906 eet
748 3841 902 3905 Kasterus
926 3841 982 3925 (ef.
1006 3842 1073 3904 eius
1100 3841 1201 3924 praef.

86 3940 113 4004 iu
137 3948 321 4036 Anetoph.).
372 3949 483 4034 Neque
512 3952 597 4014 enim
625 3955 709 4032 erat,
740 3973 795 4014 eur
822 3951 899 4015 Otto
927 3951 1137 4014 Schneiderus
1165 3949 1204 4012 de

89 4057 153 4117 vett.
174 4057 206 4120 iu
221 4060 384 4143 Aristoph.
409 4059 519 4124 scholi.
543 4061 643 4142 font,
667 4059 721 4143 qui
744 4083 800 4123 auo
822 4059 948 4144 quidem
963 4059 1046 4140 iure,
1070 4061 1106 4120 ut
1126 4061 1205 4122 tune

89 4181 270 4197 Ἥ

144 4243 413 4311 6.(1ποδρεπέεθεεον
432 4243 491 4300 eod.
528 4247 570 4300 Αιι
588 4245 707 4300 voluerit
724 4246 993 4313 ἀποδρεπέτθαιεανῖ
1049 4251 1074 4300 9.
1088 4244 1203 4312 [εαφὴνε

89 4329 266 4400 cepnae.
305 4343 400 4400 nee.
437 4339 530 4408 un]

942 4423 1003 4488 14*
