3052 5136
484 355 646 404 sosanna
668 355 840 404 carricare.
1170 339 1233 403 ”105

93 511 203 575 tanda.
254 509 400 592 Namque
428 509 454 571 si
484 509 529 572 rei
559 509 686 592 cuique,
721 509 770 572 cui
799 507 862 572 iam
890 511 986 570 antea
1015 506 1134 590 aliquid
1164 511 1232 570 erat
1286 483 1290 492 '

94 621 301 702 attributum,
330 641 453 683 rursum
480 619 564 682 aliud
588 619 738 703 quiddam
761 618 981 700 attribuimua,
1006 616 1088 702 qnod
1111 616 1232 702 signifi-

95 752 167 794 care
188 731 331 792 volumus
358 730 392 792 in
422 729 555 793 eandem
584 752 651 794 rem
675 729 787 793 cadere
810 733 904 811 atque
927 727 1014 812 prius
1037 727 1130 809 illud,
1160 749 1233 790 crin·

94 845 284 904 sentaneum
307 839 425 902 rationi
448 845 497 902 est
519 840 623 922 ipsum
646 839 725 902 illud
745 838 832 922 larius
848 837 1038 902 attributam
1061 839 1094 900 in
1117 858 1233 900 memo-

95 949 177 1012 riam
200 970 364 1030 revocare,
388 970 570 1032 perversum
587 953 692 1012 autem
716 952 858 1032 repetere
881 949 1048 1032 posterius,
1079 946 1233 1022 Quocirca

94 1063 127 1123 ct
142 1058 292 1142 loquendi
310 1059 507 1142 simplicitati
532 1063 564 1122 et
585 1059 794 1142 intellegendi
812 1058 1028 1121 commoditati
1044 1057 1234 1120 studendum

95 1173 165 1231 erat
187 1169 267 1232 hace
289 1169 441 1232 orationis
466 1169 733 1232 conformatione:
755 1174 805 1232 lu'c
827 1181 871 1232 est
891 1177 969 1232 enim
992 1175 1069 1232 idem
1092 1175 1142 1232 dle
1158 1173 1233 1232 Clea-

94 1285 203 1356 re'laus,
229 1299 313 1358 quem
335 1301 431 1359 supra
454 1287 583 1343 rrarravr'
604 1285 708 1360 Aeoyn
731 1285 875 1359 oppidum
899 1301 1101 1359 explorasse.
1140 1278 1268 1342 Eam-e

95 1409 156 1471 qne
178 1390 373 1452 sententiam
395 1388 504 1452 videor
526 1389 571 1452 sic
595 1389 745 1472 consequi
767 1411 859 1472 posse
878 1387 1093 1452 emendando:
1116 1387 1234 1454 οὗτοι

93 1501 167 1578 γὰρ
197 1499 216 1563 ὁ
246 1502 306 1564 καὶ
339 1500 375 1564 ἐι
408 1501 478 1578 τὴν
512 1499 631 1574 Αἴγυν
665 1499 782 1564 πόλιν
813 1499 997 1580 ἐεβαλών.
1041 1497 1235 1560 Litteramm

95 1607 183 1670 enim
218 1611 456 1672 conversionem
485 1608 618 1670 anobis
645 1607 765 1672 laetam
793 1608 845 1672 vix
873 1631 952 1692 opus
987 1611 1035 1671 est
1064 1607 1233 1671 illustrare.

95 1715 181 1780 Nam
206 1739 276 1780 cum
298 1719 401 1801 primo
423 1717 576 1802 scriptum
600 1721 682 1781 essct
709 1727 1101 1801 ΑΙΓΥΝΠΟΛΙΝΕΕΒΑΛΩΝ,
1125 1717 1234 1780 obscu-

97 1827 175 1889 ratis
205 1827 326 1910 aliquot
353 1828 469 1891 litteris
504 1827 538 1890 iu
565 1827 648 1890 hanc
677 1827 816 1910 speciem
844 1837 896 1889 ΑΙΓ
916 1876 920 1886 .
940 1876 969 1887 ..
994 1836 1234 1890 ΟΛΙΝΕΕΒΑΛΩΝ

97 1937 406 2021 conglutinabantur
427 1937 571 2000 residuae
587 1937 673 2001 vocis
689 1939 795 2021 partes
811 1936 872 2000 sic:
897 1945 1236 2000 ΑΡΓΟΛΙΔΑΕΕΒΑΛΩΝ.

181 2045 305 2110 Eadem
320 2047 494 2112 rationein
511 2069 601 2112 versu
617 2047 752 2132 quodam
769 2045 852 2130 apud
875 2045 1133 2108 scholiastam
1154 2043 1236 2108 Pla-

96 2156 206 2219 tonis
229 2157 269 2220 ad
292 2156 471 2222 Phaedrum
494 2180 526 2242 p.
542 2159 605 2222 317
623 2157 671 2220 ed.
697 2155 816 2238 Beki„
839 2177 932 2240 quem
955 2155 1024 2218 sine
1046 2154 1116 2218 vitii
1138 2155 1237 2237 suspi-

96 2266 186 2328 tione
220 2271 256 2328 ut
284 2265 408 2330 videtur
439 2266 482 2331 H.
513 2267 551 2331 Ε.
581 2267 707 2332 l'ossius
741 2267 876 2350 protulit
908 2287 1020 2329 comm.
1050 2264 1089 2328 de
1117 2265 1237 2348 Gorgia

97 2375 256 2438 Leontino
278 2398 310 2458 p.
333 2377 385 2460 53,

303 2486 330 2550 εἰ
352 2489 387 2550 δὲ
409 2489 489 2552 κακὰ
511 2488 660 2567 (πείραις,
685 2488 841 2554 tundier
864 2486 1015 2566 duritem,

98 2597 163 2660 κέν
187 2593 310 2658 lactum
333 2599 441 2658 estex
472 2599 504 2660 κ’
526 2597 655 2674 ἔνθεν,
686 2596 774 2660 cuius
802 2599 944 2659 extrema
971 2595 1094 2680 syllaba
1122 2617 1237 2660 evanu-

99 2709 169 2767 erat
192 2709 323 2787 propter
346 2703 480 2769 eandem
504 2727 663 2788 caussam,
692 2727 754 2790 qua
777 2707 881 2772 οὕτω(
904 2705 1089 2770 adverbium
1112 2705 1240 2769 interci-

99 2813 184 2876 disse
207 2813 345 2877 arbitror
368 2814 402 2878 in
425 2813 606 2879 Platonis
629 2815 734 2880 verbis
757 2815 921 2880 Menona
950 2839 981 2898 p.
1006 2817 1047 2882 76
1070 2823 1095 2879 Α
1104 2839 1110 2880 :
1147 2817 1239 2894 ἀνδρὶ

100 2924 260 3010 aasabim]
290 2925 461 3004 πράγματα
484 2926 685 3004 προετάττειε
707 2927 930 3006 ἀποκρίνεεθαι
953 2927 1093 3004 οὕτως,
1121 2927 1239 2990 αὐτὸ(

101 3037 135 3097 δὲ
158 3034 219 3098 οὐκ
241 3035 358 3100 ἐθέλει(
385 3035 592 3114 ἀναμνηεθεὶι
614 3035 714 3101 εἰπεῖν
738 3057 764 3098 e.
782 3059 812 3119 q.
830 3057 855 3098 s.
887 3035 961 3098 Vim
977 3035 1062 3098 enim
1085 3034 1238 3116 adverbii,

101 3143 205 3226 qualis
240 3145 339 3224 esset,
374 3165 446 3206 vere
481 3144 653 3228 explicavit
686 3145 832 3208 Donatus
860 3145 899 3208 ad
927 3144 1070 3208 Terentii
1098 3143 1240 3208 Andriae

102 3251 126 3334 l,
151 3252 172 3314 2
202 3273 230 3314 ιι.
253 3253 275 3314 4
303 3250 371 3338 [bic
393 3259 579 3336 proleviter
601 3259 865 3338 assequamur,
894 3255 975 3339 quod
999 3254 1113 3318 Gracci
1136 3255 1241 3319 οὕτω(

101 3361 231 3442 dicunt;
259 3361 424 3444 significat
452 3367 559 3426 autem
582 3363 685 3430 οὕτω(
708 3371 767 3446 sic,
797 3369 829 3427 et
858 3368 907 3428 est
928 3364 966 3428 de
989 3365 1027 3428 iis
1050 3385 1130 3448 quae
1153 3364 1241 3426 adiu-

102 3470 209 3534 vanda
230 3465 327 3554 gestu'
345 3471 456 3560 sunt’],
481 3477 742 3538 commemoratus
766 3497 784 3538 a
805 3474 976 3538 Schaefero
998 3473 1037 3538 ad
1053 3474 1240 3557 Dionysium

101 3579 209 3643 Halia.
240 3579 279 3642 de
307 3601 445 3664 compos.
476 3583 562 3647 verb.
586 3606 617 3667 p.
641 3585 718 3667 4303
749 3587 843 3668 atque
870 3584 985 3648 addere
1013 3584 1088 3648 licet
1114 3587 1242 3666 praeter

101 3689 166 3752 alia
196 3689 296 3752 multa
325 3689 468 3755 Timonis
500 3714 625 3756 versum
653 3715 669 3756 e
699 3694 800 3758 Sillun
828 3693 910 3758 libro
938 3693 970 3756 ll
999 3693 1082 3777 apud
1111 3693 1241 3758 Sextum

102 3797 299 3882 Empiricum
323 3799 394 3864 adv.
419 3801 518 3865 math.
542 3801 605 3884 lx,
629 3803 669 3868 57
693 3825 724 3886 p.
748 3803 811 3868 319
835 3803 908 3888 [405
931 3801 1061 3890 Bekkq:
1090 3803 1179 3884 ὄφρα
1201 3806 1240 3883 μὴ

102 3909 233 3973 οὕτω(
254 3909 454 3989 (ωκρατικόν
469 3913 573 3979 πίνων
596 3911 723 3992 ψυχρὸν
746 3913 848 3980 πότον
864 3915 954 3978 Ἄιδα
968 3913 1027 3998 δύῃ
1052 3911 1117 4000 [ubi
1133 3915 1241 3976 tomen

102 4019 209 4083 adstat
243 4019 344 4082 suasit
382 4017 560 4103 Bekkerus,
604 4043 698 4104 ‹prcm
731 4022 872 4106 sequitur
904 4022 1165 4086 Wuchsmuthius
1203 4022 1242 4085 de

29 4137 37 4152 ‘
101 4127 237 4192 Timone
264 4127 406 4192 Phliasio
439 4151 470 4212 p.
500 4131 570 4218 tl8l:
612 4135 698 4195 recte
726 4133 812 4195 enim
839 4133 884 4196 sic
913 4154 969 4214 pro
998 4134 1077 4197 Ἄιδι
1105 4132 1243 4196 correxit

102 4237 273 4322 lllenagius
296 4237 336 4301 ad
361 4237 454 4322 Diog.
478 4240 582 4303 Laert.
606 4239 669 4323 IX,
693 4243 734 4304 :32
757 4265 788 4325 p.
812 4243 876 4306 420
898 4241 994 4305 llsib.
1043 4240 1136 4328 [ltcm
1159 4242 1242 4306 Plat.

102 4347 209 4411 Alcib.
232 4347 264 4411 ΙΙ
294 4371 325 4432 p.
350 4349 410 4412 148
434 4354 477 4413 B:
514 4351 578 4426 ἐγὼ
607 4353 664 4428 μὲν
693 4353 790 4418 οὐδὲν
813 4353 852 4416 ἂν
875 4353 976 4430 ἔχοιμί
1005 4372 1051 4415 τοι
1075 4353 1190 4434 εἰπεῖν,
1215 4352 1241 4415 ὦ

155 4467 198 4500 rar.
219 4467 384 4502 niraaanan
404 4467 549 4503 crusouaa
569 4469 589 4506 ι.
998 4455 1040 4517 45
