3050 5140
785 1201 970 1314 XXX.
1071 1209 1080 1230 '

494 1419 548 1510 llo
579 1419 757 1535 amphora
788 1417 1012 1512 talassium
1042 1420 1259 1536 litterum)

594 1813 664 1880 (Huc
682 1815 791 1881 spectat
808 1813 907 1866 tabula
924 1814 1105 1882 lithographn
1122 1815 1155 1880 I.)

242 1970 289 2018 183
393 1947 609 2012 Memorabilis
638 1971 708 2012 cum
736 1954 866 2032 propter
893 1949 1037 2031 picturae
1066 1953 1286 2034 argumentum
1311 1973 1327 2013 e
1352 1953 1425 2014 ritae

306 2059 486 2122 cotidianae
525 2060 753 2123 consuetudine
793 2060 928 2141 petitum
960 2063 1029 2122 tum
1063 2064 1194 2143 propter
1226 2061 1425 2144 inscriptionis

306 2168 393 2233 haud
415 2171 493 2233 adeo
515 2170 679 2254 vulgarem
702 2173 734 2232 et
756 2169 912 2242 anrbitum
935 2171 966 2232 ct
988 2169 1145 2232 rationem
1162 2192 1200 2232 ea
1215 2171 1362 2253 amphora
1379 2180 1425 2238 est.

308 2281 396 2344 cuius
424 2281 565 2365 effigiem
592 2279 713 2362 insigni
742 2279 931 2362 possessoris
960 2279 1171 2362 liberalitate,
1207 2280 1379 2344 felicissimi
1402 2282 1426 2343 iu

305 2390 499 2474 indagandis
528 2389 730 2472 antiquitatis
752 2389 894 2472 reliquiis
917 2389 1071 2470 Galassii,
1106 2388 1139 2452 in
1169 2389 1429 2454 ltlouumeutomm

304 2499 385 2563 lust.
404 2501 491 2564 arch.
508 2499 600 2563 Rom.
615 2500 686 2562 ‘vol
704 2499 735 2562 ll
751 2499 861 2561 tabula
876 2498 996 2562 XLIVb
1021 2497 1125 2585 [huius
1140 2500 1307 2563 voluminis
1331 2501 1393 2563 talo.
1407 2499 1426 2587 ll

304 2631 481 2693 proponere
515 2610 626 2693 licuit,
668 2609 780 2672 effossa
807 2609 863 2671 illa
896 2630 933 2672 ex
966 2613 1053 2672 terra
1081 2631 1179 2692 prope
1211 2611 1320 2673 urbem
1344 2610 1430 2674 Caere

305 2742 385 2802 quae
412 2720 506 2783 hodie
534 2719 693 2784 Cerretcri
722 2719 917 2802 appellatur,
952 2718 1040 2800 picta
1073 2723 1180 2781 autem
1209 2720 1312 2784 colore
1340 2721 1430 2804 nigro,

305 2851 365 2913 quo
387 2829 476 2892 fulva
498 2830 679 2913 superficies
702 2829 854 2892 distincta
877 2827 991 2913 cst.**)

389 2939 541 3022 Aequod
565 2940 605 3002 ad
629 2942 852 3022 argumentum
875 2939 1002 3020 attinet,
1025 2960 1091 3002 non
1109 2938 1295 3021 ignoramus
1316 2940 1431 3021 quidem

304 3050 459 3132 grandem
482 3053 606 3113 exstare
628 3050 663 3112 iu
690 3049 784 3132 pictis
829 3049 911 3111 vasis
939 3070 1047 3110 earum
1070 3069 1176 3110 rerum
1198 3047 1433 3117 multitudinem

306 3182 385 3242 quae
409 3181 446 3221 ex
470 3159 555 3222 ritae
577 3182 635 3222 usu
660 3159 818 3222 communi
841 3159 974 3221 haustae
997 3157 1072 3220 sint.
1111 3156 1173 3221 Sed
1200 3161 1309 3221 tamen
1333 3157 1434 3222 harum

306 3290 465 3351 unapars
494 3291 564 3333 curn
587 3271 716 3333 deorum
744 3269 936 3350 lreroumque
964 3267 1134 3351 religione,
1164 3267 1260 3350 longe
1287 3267 1435 3331 uberrimo

306 3379 403 3442 ctiam
436 3379 549 3442 horum
583 3384 859 3442 monumentorum
892 3377 998 3459 fonte,
1034 3379 1119 3440 certo
1150 3376 1287 3459 quodam
1320 3376 1437 3441 uinculo

306 3489 503 3553 continetur:
527 3512 587 3572 quo
610 3489 775 3551 referimus
798 3487 943 3550 ludorum
959 3486 1243 3569 exercitiorumquc
1264 3507 1437 3569 repracsen-

305 3600 461 3662 tationem
499 3601 564 3663 sive
597 3599 859 3682 palaestricorum
895 3597 961 3659 sivo
993 3595 1196 3677 militarium3
1233 3598 1336 3660 altera
1372 3621 1437 3680 pau

305 3710 478 3792 (praedam,
503 3709 606 3794 magis
630 3731 666 3772 ca
690 3709 861 3772 coniuncta
885 3729 955 3770 cum
971 3706 1097 3789 privata
1117 3704 1354 3788 domesticaque
1370 3709 1438 3782 rito,

307 3851 506 3858 -—.—-.—--

372 3948 396 4013 *)
421 3947 470 4014 [Ex
493 3947 645 3999 Annalibus
668 3943 790 3998 lustituti
814 3941 1018 4010 arclraeologici
1036 3941 1154 3995 Romani
1178 3941 1231 3995 vol.
1255 3939 1291 3994 IX
1311 3945 1347 4001 r'a.
1370 3949 1436 3998 lut?

305 4055 331 4106 p.
353 4041 506 4106 raa-raon

373 4135 412 4198 **)
434 4133 598 4201 [Transiissc
618 4149 679 4184 uam
698 4131 860 4198 amphoram
879 4129 906 4182 in
925 4129 1049 4182 Muscam
1069 4125 1141 4194 quod
1155 4127 1260 4181 Romae
1279 4131 1323 4180 cst
1343 4129 1433 4188 (irena

304 4227 411 4279 riauuru
442 4225 564 4279 intcllcui
583 4245 597 4278 u
617 4225 758 4278 l'uuol'kac
785 4224 856 4276 libro
880 4223 989 4275 ‘Bildcr
1015 4221 1128 4274 nutikeu
1155 4219 1279 4273 Lebcns'
1310 4220 1439 4292 inscripta

306 4320 358 4386 (rut.
374 4320 493 4373 llcroliui
508 4337 531 4372 a.
554 4323 628 4385 1813)
648 4337 673 4386 p.
693 4323 733 4382 38,
752 4318 797 4369 utri
817 4315 1046 4382 iclruographiam
1065 4315 1188 4366 nostram
1207 4313 1339 4366 iteratum
1359 4315 1438 4367 luda«¹

305 4415 330 4465 lu
352 4415 408 4466 tau.
428 4413 511 4476 Xl'll,
531 4420 546 4464 8
565 4415 590 4463 ot
611 4415 644 4478 9,]
