2982 5146
341 374 388 420 nn
412 374 504 422 eren.
527 375 631 421 ,suun
655 377 699 422 ar
721 377 936 426 mersamine.
1153 364 1211 427 133

80 550 254 592 succurrere
280 526 445 592 Hesionae
478 527 703 592 observationi.
754 527 836 604 Quid
865 533 914 594 est
947 531 1048 614 enim,
1085 553 1140 595 cur
1172 532 1211 596 de

79 640 169 723 Ἡλίῳ
196 638 255 702 deo
275 637 456 702 necessario
479 638 672 722 cogitemus,
702 661 773 703 cum
800 639 835 703 in
858 643 1006 724 promptu
1034 641 1077 704 sit
1099 642 1211 721 libror?

80 747 195 812 Deinde
217 737 339 831 autem,
364 769 472 812 nonne
495 771 532 812 ea
556 749 625 831 ipsa
647 749 779 814 nomina
801 751 910 814 divina
932 751 1059 834 excepit
1080 750 1210 834 Hasius,

80 880 202 941 qnomm
229 881 320 922 usum
348 858 494 942 martyrii
521 859 677 923 sanctitas
701 881 766 924 uon
789 860 882 924 modo
910 861 1125 944 permitteret,
1156 863 1211 926 sed

80 967 151 1032 adeo
171 967 431 1032 commendaret?
475 967 580 1052 Atque
602 971 668 1032 tres
690 969 817 1053 quidem
840 969 1029 1034 Heliodorus
1051 976 1210 1055 martyras

79 1081 228 1142 testantur
249 1078 480 1163 martyrologia
502 1077 553 1141 dd.
579 1078 690 1142 esrai.
715 1081 756 1144 28
772 1079 859 1163 Sept.
883 1079 1078 1145 21N0v.ex
1101 1081 1209 1166 eisque

81 1187 207 1252 Fabricii
236 1187 438 1252 Bibliotheca
466 1188 521 1252 Gr.
553 1187 632 1252 VIII
660 1212 690 1272 p.
723 1191 782 1256 126
809 1213 856 1274 sq.
887 1189 978 1253 Ilerl.
1036 1191 1064 1254 Ε
1096 1191 1210 1276 quibus

79 1298 214 1362 omnibus
241 1298 442 1383 intellegitur
474 1320 540 1363 non
574 1299 672 1363 luisse
706 1322 762 1364 cur
797 1299 836 1363 de
871 1307 1051 1366 Heliodorus
1081 1302 1210 1366 nomine

79 1408 154 1472 iure
176 1408 418 1493 Bernhardyum
441 1409 604 1474 dubitasse
627 1408 810 1474 Dindorfius
832 1411 961 1474 diceret.

601 1675 674 1753 55.

173 1807 276 1884 Quae
306 1808 412 1872 inter
438 1809 623 1872 Tzetzam
651 1813 688 1872 et
713 1807 969 1872 Heliodorum
997 1811 1103 1873 ratio

519 1917 758 1982 intercedat.

152 2070 324 2157 Postquam
346 2072 388 2135 ab
409 2071 470 2135 hac
493 2075 585 2155 parte
607 2071 686 2134 satis
709 2071 853 2135 videmur
875 2071 1039 2136 Heliodori
1062 2095 1207 2136 caussam
1229 2095 1258 2140 ra

79 2180 260 2264 defendisse,
287 2184 387 2246 restat
409 2185 446 2245 ut
467 2183 589 2245 maiora
604 2179 806 2264 Bernhardyi
822 2181 987 2245 molimina
1003 2181 1206 2265 repellamus.

80 2288 152 2354 Nam
179 2314 248 2356 cum
277 2295 453 2356 extremam
481 2291 670 2376 particulam
702 2291 815 2356 scholii
842 2291 984 2355 Plautini
1012 2291 1147 2356 Tzetuae
1177 2295 1209 2356 et

80 2398 230 2467 Heliodori
261 2403 408 2487 personis
444 2403 491 2466 ita
526 2401 813 2484 distribuissemus,
851 2405 902 2484 ut,
940 2424 1021 2486 quae
1057 2401 1209 2485 legrmtur

78 2532 103 2572 v.
125 2512 244 2577 66-74
268 2513 354 2594 (nam
377 2519 446 2578 olim
463 2517 591 2577 LXXII
611 2519 707 2576 doctis
730 2519 802 2576 ciris·
822 2551 864 2560 -
879 2519 1057 2592 proelolom
1072 2533 1208 2592 compro-

78 2623 198 2706 burim),
221 2621 388 2686 Heliodori
412 2644 496 2704 esse,
525 2622 669 2706 proxima
691 2625 813 2704 antem,
837 2621 951 2706 quibus
974 2621 1036 2684 istu
1059 2621 1208 2685 refellun-

79 2735 137 2814 tur,
168 2755 186 2795 a
211 2733 330 2797 Tzetza
360 2732 443 2796 adici
476 2733 670 2797 diceremus:
704 2736 816 2796 contra
850 2734 977 2796 exortus
1010 2737 1058 2795 est
1086 2754 1117 2816 p.
1146 2733 1209 2796 334

81 2837 302 2927 Bemhardyus.
334 2843 392 2908 cni
416 2865 487 2906 oum
509 2842 669 2926 explicata
693 2865 712 2905 a
735 2843 827 2906 nobis
850 2865 881 2927 p.
898 2843 941 2906 39
957 2839 1010 2928 [33
1026 2841 1086 2928 sq.]
1112 2863 1207 2926 argu·

80 2955 175 3016 ruente
195 2954 379 3035 obstarent,
403 2953 569 3038 quominus
593 2951 762 3017 absurdam
786 2952 825 3016 de
842 2950 961 3016 LXXII
986 2951 1104 3014 criticis
1128 2949 1207 3015 Pisi-

80 3063 193 3127 struteis
215 3064 369 3128 fabellam
392 3064 426 3127 in
449 3064 584 3128 eundem
598 3063 749 3126 Tuetzam
772 3063 948 3144 conferret,
972 3061 1025 3146 qui
1049 3063 1145 3124 antea
1167 3061 1207 3124 de

80 3167 225 3236 Pisistrati
262 3173 501 3258 Ptolemaeique
543 3173 656 3237 studiis
698 3171 877 3236 Homericis
920 3171 1095 3236 rectissime
1140 3171 1208 3254 ipse

80 3283 277 3363 exposuisset:
301 3305 418 3348 novam
440 3283 493 3346 ille
514 3283 599 3348 viam
622 3283 706 3346 hanc
729 3281 940 3366 excogitavit,
964 3285 1000 3345 ut
1021 3282 1077 3344 iIIa
1103 3279 1208 3364 potius

79 3389 189 3475 priore,
216 3393 331 3478 quibus
360 3417 440 3457 sana
461 3393 632 3458 traduntur
654 3397 687 3456 et
709 3392 881 3476 exquisita,
911 3392 952 3455 ab
974 3391 1091 3455 'l'zetza
1120 3389 1207 3452 abiu-

80 3499 203 3586 dicoret,
226 3504 303 3568 hnic
318 3507 425 3568 autem
439 3525 493 3568 eas
515 3504 655 3587 Ineptias
677 3503 848 3586 tribueret,
873 3525 954 3586 quae
976 3502 1009 3565 in
1032 3501 1096 3564 fine
1112 3499 1210 3583 (quod

80 3623 185 3676 constat
200 3619 299 3691 siesse
316 3617 515 3690 salassorum
538 3636 564 3678 e.
589 3638 620 3699 q.
644 3616 685 3698 s.)
709 3615 823 3678 merito
845 3613 1071 3677 refutarentur.
1117 3609 1207 3684 Quod

81 3718 127 3782 ille
147 3723 190 3786 sic
212 3723 362 3808 consequi
389 3723 526 3805 studuit,
557 3727 593 3787 ut
600 3773 608 3804 ,
637 3724 785 3808 quoniam
813 3723 859 3786 ita
882 3725 914 3785 et
936 3721 1100 3804 aliquanto
1123 3720 1207 3783 Iocu-

81 3829 216 3915 pletiore,
246 3857 341 3918 quam
365 3833 537 3898 Heliodoro
567 3833 689 3917 aliquo,
719 3832 938 3896 narrationum
966 3829 1209 3894 IIomericamm

82 3943 197 4006 auctore
223 3965 302 4027 opus
331 3947 415 4026 erat,
444 3947 477 4007 et
505 3965 541 4007 eo
570 3942 714 4028 quidem,
747 3943 802 4026 qui
829 3964 895 4005 non
924 3941 965 4004 ab
993 3941 1063 4023 ipso
1089 3939 1208 4002 Tzetza

81 4057 164 4114 multo
189 4059 305 4117 olltcr
327 4065 457 4132 nuperus
478 4075 540 4118 esse
567 4053 741 4135 diceretur,
771 4051 889 4136 duplici
919 4051 1007 4114 factu
1029 4048 1207 4113 mutatione

83 4158 187 4224 codicis
206 4163 301 4226 verba
324 4163 498 4248 corrigeret
520 4163 554 4227 in
577 4161 663 4226 hmm
684 4161 827 4226 modum:
871 4166 1092 4226 Herodorus
1113 4165 1208 4224 miella

83 4274 154 4332 olio
174 4285 315 4362 armatur.
360 4272 559 4338 Herodomm
582 4276 688 4336 autem
715 4271 878 4358 intellegit
899 4273 957 4338 τὸν
979 4271 1037 4349 τήν
1060 4271 1208 4350 Ὀρφέως

83 4379 126 4441 καὶ
151 4381 311 4449 Moucutoo
338 4384 566 4464 (ιη-γράψαντα
593 4383 747 4462 irreptor,
771 4382 936 4468 Caligulae
960 4379 1138 4465 aequalem:
1168 4378 1207 4442 de
