2952 5132
727 1211 940 1323 XVIII.

347 1409 401 1502 lte
432 1409 555 1502 codice
585 1407 758 1503 Vrbinatc
789 1409 951 1526 Dionysii
982 1405 1315 1502 Halicarnasseusb

706 1559 912 1676 disputatio.
923 1561 963 1676 *t

799 1915 872 1992 er.

231 2070 246 2115 3
349 2050 396 2111 De
420 2048 512 2111 editis
535 2048 668 2111 anobis
696 2047 857 2130 superiore
885 2069 971 2110 anno
993 2047 1104 2132 primis
1126 2046 1218 2110 XXX
1246 2043 1380 2129 capitibus

265 2159 502 2242 Antiquitatum
523 2157 794 2240 Dionysianarum
810 2157 942 2220 duorum
954 2157 1046 2221 nobis
1067 2157 1206 2220 virorum
1228 2156 1380 2229 doctorum,

264 2269 323 2332 hoc
353 2273 401 2331 est
428 2267 573 2332 doctrina
602 2266 841 2350 excellentium,
873 2267 991 2331 iudicia
1014 2267 1237 2330 innotuerrmt:
1269 2265 1382 2328 alterum

265 2379 397 2441 baroli
422 2377 627 2440 Gabrielis
651 2377 806 2460 tobati,
830 2377 963 2440 nimiam
984 2377 1018 2440 in
1041 2375 1203 2440 afferenda
1229 2375 1383 2458 scripturae

265 2488 481 2570 discrepantia
503 2487 705 2571 diligentiam
728 2491 871 2550 nostram
895 2487 1059 2570 conquesti
1088 2487 1122 2549 in
1145 2482 1384 2550 adnotationibus

264 2597 328 2659 illis
357 2619 434 2678 quas
464 2597 601 2660 orationi
632 2603 670 2659 dc
692 2610 759 2659 arte
780 2581 1003 2675 interpretandi
1032 2617 1106 2658 suae
1139 2593 1303 2678 praeclaro
1332 2610 1384 2653 esse

265 2709 453 2769 ornamento
472 2706 586 2768 voluit:
610 2707 745 2768 alterum
768 2705 861 2768 amici
883 2705 987 2768 nostri
1005 2709 1099 2789 atque
1115 2703 1256 2788 aequalis
1272 2695 1384 2768 Caroli

266 2814 460 2896 Sinteni8‚
486 2815 534 2877 cui
559 2836 726 2877 censuram
749 2815 871 2898 opellae
894 2819 1021 2878 nostrae
1044 2813 1193 2877 debemus
1217 2835 1286 2876 cum
1301 2812 1385 2875 bonae

265 2925 367 3007 frugis
394 2928 463 2986 turn
490 2946 667 3007 propensae
695 2925 869 2987 voluntatis
898 2919 1036 3006 plenam,
1088 2921 1197 2987 Vnurn
1224 2927 1272 2986 est
1297 2923 1385 2984 alitem

266 3033 430 3116 quiddam,
460 3033 581 3115 dequo
610 3033 660 3096 his
695 3032 850 3096 iudicibus
871 3037 1036 3116 tamquam
1064 3032 1102 3096 de
1132 3037 1296 3116 compacto
1327 3047 1385 3090 con·

266 3142 372 3222 venit,
407 3141 499 3223 idque
529 3142 709 3225 gravissimi
737 3143 771 3205 in
795 3142 868 3204 crisi
896 3141 1095 3226 Dionysiana
1123 3141 1292 3206 momenti:
1318 3133 1386 3221 quod

268 3251 407 3312 cernitur
429 3251 463 3312 in
478 3251 663 3332 praedicata
685 3252 829 3314 bonitate
854 3251 970 3314 codicia
992 3251 1177 3316 Chisiani
1193 3253 1264 3335 (Α),
1285 3248 1387 3311 reiecta

267 3364 372 3423 autem
394 3359 456 3422 fide
479 3359 686 3423 Vrbinatis
710 3361 775 3423 sive
797 3360 949 3424 Vaticani
973 3361 1039 3445 (B).
1092 3359 1126 3423 Si
1148 3360 1241 3423 modo
1262 3355 1386 3420 rectein

267 3471 349 3533 hanc
371 3473 495 3552 partem
519 3469 629 3533 (tobati
652 3470 749 3532 verba
773 3470 966 3552 interpretor
988 3491 1018 3551 p.
1039 3469 1099 3532 134
1121 3469 1260 3551 scripta,
1282 3465 1331 3529 nbi
1353 3461 1387 3524 al·

266 3581 332 3642 lato
355 3579 545 3661 Dionysiani
568 3579 725 3641 Prooemii
748 3579 892 3660 exemplo
915 3584 950 3641 ut
979 3580 1019 3641 ab
1043 3579 1129 3642 omni
1152 3582 1243 3662 parte
1264 3555 1329 3640 anni
1349 3577 1386 3634 at-

267 3711 327 3771 que.
350 3689 469 3770 integri
492 3709 551 3750 nec
577 3689 671 3750 ullius
698 3688 805 3750 variae
831 3688 977 3751 lectionis
1000 3688 1194 3752 adminiculo
1219 3680 1387 3768 indigentia

267 3810 351 3860 certa
373 3809 415 3860 cst
437 3797 541 3879 inquit
562 3804 748 3874 siccatorum
772 3804 954 3861 auctoritas:
977 3804 1128 3876 quantivis
1148 3804 1242 3876 pretii
1259 3799 1386 3859 cracem.

267 3928 352 3985 qaam
380 3913 409 3968 ta
440 3911 581 3968 Cbistaaa
615 3911 796 3970 bibliotheca
825 3910 937 3968 Romae
970 3912 1033 3969 aidi
1064 3913 1180 3969 saccali
1207 3910 1274 3982 sere
1292 3905 1341 3964 XI
1362 3905 1386 3958 r'u

268 4021 447 4079 atcmbraar's
474 4021 648 4078 nitidissime
669 4023 832 4096 scriptam,
862 4020 1004 4078 babemus
1027 4023 1155 4079 amariam
1190 4027 1330 4078 auctorem
1356 4027 1387 4066 as

336 4271 359 4326 *a
384 4268 480 4334 [Edita
498 4268 611 4321 Bonnae
635 4285 706 4320 ranno
731 4267 989 4321 tuolodccxnvll
1008 4266 1181 4319 celebrandis
1205 4265 1246 4318 die
1269 4259 1310 4314 ΧΥ
1332 4263 1386 4310 Oct*

269 4358 402 4410 nataliciis·
423 4360 617 4426 Augustiasinri
637 4360 720 4425 Regis
739 4359 870 4411 Friden'ci
890 4359 1018 4412 Guilelmi
1037 4357 1093 4425 lt]
