2942 5134
282 299 345 362 434
716 315 761 360 na
785 314 985 363 narrnonrs

283 469 416 531 eundern
445 469 533 531 illnrn
562 468 751 552 olympiadis
780 467 867 532 xor
896 491 1015 531 annam
1042 470 1193 550 primum,
1227 474 1377 535 certesiae
1451 475 1453 512 l

282 577 529 658 Thargelionenr
556 600 714 659 mensem,
744 577 831 640 facta
860 579 902 640 sit
929 581 1069 660 oportet:
1108 579 1150 642 cf.
1180 579 1293 642 (Jorsini
1315 581 1378 644 I'nst.
1452 581 1453 586 '

284 687 352 750 Att.
382 687 429 750 llI
459 711 489 770 p.
514 689 555 750 dd
584 711 651 771 sqq.
683 689 746 750 320
774 689 852 771 sq.):
896 688 1099 770 consequitur
1133 689 1216 752 vida
1249 691 1380 752 cessisse

285 798 312 858 A
320 797 530 878 gathonern
553 820 619 860 non
643 797 742 860 multo
766 800 840 859 ante
857 797 1006 859 Archelai
1026 801 1170 878 mortem,
1194 799 1380 881 olympiade

284 907 403 970 XCIV
433 911 515 970 lere
545 912 727 989 exeunte,
767 929 891 968 annos
921 911 1054 969 natnnr
1083 909 1243 971 circiter
1268 914 1380 992 septen
1431 951 1435 966 .

283 1022 319 1079 et
347 1017 627 1100 quadraginta.
678 1017 729 1078 Ad
758 1016 841 1078 hanc
871 1017 955 1078 eninr
984 1015 1058 1079 inde
1084 1018 1125 1080 ab
1152 1019 1326 1101 olpnnpiadis
1348 1020 1380 1078 nel

282 1126 367 1189 xon
393 1128 455 1189 line
477 1128 526 1189 vel
542 1125 648 1190 xorn
670 1127 763 1188 initio
787 1126 948 1189 commode
971 1127 1011 1188 ab
1029 1126 1220 1210 Apollodoro
1240 1129 1285 1191 vel
1304 1129 1381 1210 potin<
1452 1139 1453 1154 ¹

281 1236 415 1298 l’latonc
443 1237 592 1300 dicuntur
620 1236 712 1298 rnnlti
740 1237 957 1299 intercessisse
994 1236 1087 1318 anni,
1118 1259 1157 1299 ex
1185 1259 1244 1321 qno
1270 1239 1382 1300 Athena

283 1346 412 1429 Agatho
435 1347 612 1429 reliquerit,
640 1347 757 1420 Quodsi
780 1347 900 1428 pariter
922 1346 1010 1408 brevi
1034 1350 1109 1409 ante
1125 1346 1262 1411 Socratis
1282 1355 1383 1410 mortem
1452 1425 1453 1436 ἵ

282 1456 402 1537 spatio,
433 1458 517 1520 cirea
541 1458 636 1519 Iincnr
659 1457 848 1540 olympiadis
871 1455 990 1536 XCIV,
1019 1457 1139 1519 tactam
1167 1479 1234 1520 esse
1256 1478 1384 1520 censens
1452 1483 1453 1546 ζ

283 1567 419 1646 priorem
454 1567 640 1648 Apollodori
672 1565 905 1648 narrationem,
945 1588 1003 1629 nec
1038 1573 1146 1629 tamen
1181 1572 1252 1649 post
1283 1574 1383 1629 nrorten
1452 1575 1453 1604 ³

284 1677 476 1758 Agathonis
492 1677 668 1739 rectissime
685 1681 717 1739 et
733 1676 854 1740 Glauco
871 1677 974 1758 potuit
989 1676 1072 1758 apud
1088 1676 1254 1740 Platonem
1270 1700 1297 1759 p.
1312 1677 1357 1739 113
1366 1685 1382 1735 ,4
1452 1697 1453 1712 r

281 1786 359 1846 satis
384 1786 516 1848 nnrltnrn
544 1788 797 1869 praeterlapsrnn
824 1809 892 1849 esse
913 1785 1065 1868 temporis
1092 1787 1280 1869 respondere
1299 1787 1384 1868 Intro.
1452 1849 1453 1872 ἢ

282 1897 355 1974 ἔφη,
379 1896 441 1973 ἄρα
464 1899 571 1972 πάλαι,
595 1899 639 1961 ὼ(
663 1899 779 1977 ἔοικεν)
801 1896 875 1959 inde
899 1919 918 1957 a
941 1897 1042 1978 primo
1066 1897 1248 1979 Agathonis
1269 1896 1383 1958 scaena»

283 2006 472 2086 certamine,
502 2006 584 2088 qnod
612 2008 674 2069 I'nit
702 2007 818 2089 olprnp.
851 2006 920 2088 xe,
944 2007 979 2088 4,
1010 2011 1041 2068 et
1070 2006 1279 2088 Apollodorus
1305 2005 1384 2067 eaden

284 2115 341 2177 hoc
365 2121 506 2198 ternpore
529 2139 661 2198 pueram
681 2140 713 2178 se
734 2117 831 2179 titisse
847 2115 950 2178 dicere
967 2116 1094 2196 ibidem,
1118 2116 1236 2199 quippe
1258 2117 1306 2199 qni
1324 2115 1384 2175 intra

282 2226 418 2289 sedecim
447 2249 602 2289 annornm
631 2228 769 2308 spatiani
797 2227 940 2308 profecto
968 2227 1107 2308 potnerit
1130 2248 1148 2288 a
1172 2227 1282 2308 puerili
1308 2233 1385 2287 aetate

282 2336 321 2396 ad
345 2336 595 2400 adulescentiam
618 2336 759 2418 provehi.

365 2447 479 2509 Idestat
514 2451 549 2509 ut
580 2447 775 2508 Aristidis
808 2447 947 2509 convitia
979 2447 1013 2509 in
1041 2447 1201 2529 Symposii
1234 2446 1383 2528 scriptorem

281 2557 364 2618 iacta
399 2561 528 2639 propter
558 2557 762 2640 Agathonenr
796 2580 859 2619 rnro
892 2558 988 2619 verbo
1022 2579 1306 2620 commemoremus.
1346 2551 1385 2612 dn

281 2667 365 2728 eninr
390 2667 448 2727 rol.
475 2666 522 2729 III
545 2690 575 2748 p.
600 2668 663 2730 475
686 2668 733 2728 ed.
759 2669 851 2730 (lant.
877 2667 922 2750 (ll
945 2690 976 2748 p.
993 2667 1055 2730 286
1071 2690 1117 2750 sq.
1136 2667 1240 2752 lebb.)
1263 2688 1324 2728 cnm
1342 2661 1384 2723 :dio

280 2778 380 2838 multa
403 2778 573 2859 exprobrat
598 2777 725 2840 l'latoni
755 2776 793 2838 de
821 2799 939 2859 genere
963 2777 1205 2861 chronologico,
1234 2796 1308 2860 quae
1327 2775 1384 2833 reln-

278 2891 346 2948 tare
375 2891 407 2948 et
435 2887 566 2966 longrnn
595 2891 642 2949 est
670 2891 702 2949 et
731 2888 781 2950 rin
811 2909 925 2969 operae.
958 2888 1109 2969 pretinm:
1148 2889 1278 2970 (qnippe
1305 2881 1384 2946 omnir

278 3019 382 3058 errore
412 2999 558 3059 nituntur
581 2997 673 3078 hoco,
704 2997 786 3080 qnod
815 2997 957 3079 sophista
980 3003 1157 3080 temporum
1181 2992 1383 3060 disertminilno

280 3107 436 3188 Symposii
461 3107 619 3170 Platonici
642 3108 772 3170 rninirne
795 3108 970 3190 perspectis
998 3107 1178 3169 incredibili
1207 3105 1382 3190 perverenat¹

280 3218 320 3279 ah
344 3218 613 3280 hlantineensinrn
636 3224 793 3300 διοικιεμῷ
818 3219 871 3280 illo
896 3241 924 3300 p.
949 3218 1006 3282 193
1032 3224 1056 3278 Α
1079 3221 1316 3281 commemorato
1334 3232 1382 3292 pnr-

280 3331 381 3390 t'ectns
406 3333 510 3390 cetera
534 3329 655 3410 onnria,
685 3350 765 3410 qnae
789 3332 864 3390 ante
887 3329 926 3389 ol.
953 3327 1089 3391 xevnl
1111 3329 1201 3390 faeta
1223 3331 1306 3405 sunt,
1338 3333 1382 3381 tnr-

228 3459 259 3503 ‘23
278 3439 408 3519 pissima
431 3439 582 3520 temporis
605 3439 820 3520 discrepantia
844 3438 988 3500 laborare
1012 3441 1182 3522 nngatnrz)
1211 3443 1277 3499 tum
1296 3457 1321 3516 p.
1340 3428 1384 3492 2⁸¹3

278 3553 356 3611 extr.
382 3550 477 3612 verba
501 3551 579 3612 hacc
602 3550 721 3631 posint:
757 3550 791 3612 ἐν
820 3551 880 3627 γὰρ
903 3555 948 3632 τῷ
972 3550 1131 3631 connector
1156 3549 1280 3621 ευνάγει
1300 3546 1345 3622 μὲν
1362 3539 1383 3598 ἒ(

278 3661 374 3722 ταύτὸ
398 3661 607 3738 Ἀριετοφάνη
637 3662 685 3722 καὶ
708 3660 856 3737 (ωκράτη
887 3661 936 3723 καὶ
966 3661 1178 3735 Ἀγάθωνα,
1210 3658 1264 3720 ἔτι
1285 3649 1382 3732 noll·
1448 3669 1449 3720 l

278 3792 363 3834 κιον
387 3771 497 3838 ὄντα,
524 3771 567 3832 ὥ(
591 3791 672 3848 φηςι.
719 3771 766 3830 Ac
789 3769 827 3831 de
850 3769 1018 3851 postremis
1041 3767 1218 3850 sophistam
1240 3764 1304 3828 falli
1323 3755 1382 3822 arli-

278 3885 359 3942 tror:
393 3883 482 3944 νέο(
507 3880 591 3941 enirn
617 3879 746 3960 Agatho
770 3903 788 3941 a
812 3879 946 3942 Platone
970 3879 1086 3942 dicitnr
1108 3901 1138 3960 p.
1167 3879 1225 3941 173
1249 3881 1287 3956 E,
1313 3875 1382 3948 atquc
1446 3965 1447 3970 ἵ

277 4012 307 4071 p.
330 3991 387 4053 193
405 3995 430 4051 Λ
453 3991 665 4054 νεανίεκοε.
697 3991 784 4062 (dnae
801 3991 974 4072 appellatio
997 4011 1062 4052 non
1085 3989 1190 4052 minas
1213 4007 1301 4070 qnam
1320 3977 1380 4042 ndn-
1446 4033 1448 4062 ἶ

279 4101 468 4162 loscentis
498 4123 613 4162 nornen
643 4101 835 4163 conveniens
864 4105 912 4162 est
941 4102 973 4163 in
1002 4105 1128 4183 poetam
1159 4119 1258 4161 annos
1285 4089 1382 4155 circiter

276 4211 412 4288 triginta
429 4217 553 4273 natrnn:
579 4211 691 4292 inqua
715 4212 840 4294 qnidenr
865 4216 970 4274 aetate
994 4215 1184 4277 constitutas
1208 4209 1266 4272 fuit
1281 4199 1381 4284 Agatho

275 4343 311 4380 eo
334 4323 492 4402 ternpore,
524 4344 584 4404 qno
614 4327 744 4405 proptor
771 4323 937 4385 vietor-iam
967 4326 1069 4407 prima
1092 4321 1255 4408 tragoedia
1277 4315 1380 4379 relatam
