2990 5140
453 341 489 387 ιν
512 341 795 390 ιιιιατοιπινπιτ.
1129 327 1192 390 209

63 495 154 558 αὐτὸν
177 493 400 572 άπατήςαντες.
444 495 538 559 Ἀλλὰ
562 494 676 573 ῥητέον
699 495 749 558 καὶ
777 495 806 559 τί
827 502 871 579 τῷ
903 495 960 579 βίῳ
983 501 1081 561 ταῦτα
1108 500 1191 560 λυςι-
1212 510 1259 557 ιυυ

63 607 144 668 τελεῖ.
174 605 209 666 Ἡ
233 603 393 686 τραγῳδία
415 604 482 667 λύει
497 605 555 668 τὸν
579 604 665 684 βίον·
687 604 871 687 ἡκωμιμδία
888 607 924 668 δέ
939 611 1076 688 ςυνιςτᾷ·
1099 613 1191 683 θυμε-

64 716 153 776 λικοῖς
174 715 209 776 δὲ
230 715 389 777 τοιούτοις
411 712 441 776 οἱ
464 714 591 792 ςάτυροι
614 715 831 791 καθηδύνουςι.
866 717 985 793 λυρικοί
1008 717 1060 792 δὲ,
1087 717 1119 778 οἳ
1141 717 1190 779 καί
1281 733 1287 744 ’

63 824 193 886 κυκλικοὶ
220 825 270 886 καὶ
297 823 497 904 διθύραμβοι,
525 825 545 900 ἢ
574 825 676 906 ήνουν
705 824 909 888 κυδαίνοντες
932 824 1069 902 ἀθλητὰς
1092 825 1190 900 άγῶςι

43 936 211 997 ινικῶντας
244 933 263 1009 ἢ
296 932 418 1011 ὕμνουν
451 933 612 998 Διόνυςον
647 935 665 1010 ἢ
700 934 750 997 καὶ
785 933 915 1012 ἐτέρους
952 934 1054 999 θεούς.
1109 936 1192 998 Ἐπεὶ

64 1045 192 1104 τοςαῦτα
221 1047 333 1121 ςαφῶς
363 1043 434 1119 ἡμῖν
464 1043 514 1105 καί
542 1043 705 1119 ςυντόμως
738 1041 869 1122 ἐρρήθη,
903 1045 984 1122 φέρε
1017 1045 1067 1107 καὶ
1100 1043 1191 1107 ὅπως

64 1154 154 1215 ταῦτα
173 1153 213 1214 τὰ
235 1151 378 1230 δράματα
400 1152 590 1228 ἐδιδάςκετο,
613 1153 778 1218 διδακτέον
799 1173 860 1230 μοι.

137 1261 166 1323 4.
197 1261 338 1340 Πρῶτον
366 1263 423 1338 μἐν
451 1262 486 1324 ἐν
516 1261 633 1346 ἐαρινῷ
661 1245 759 1346 καιρῷ
793 1263 1058 1328 πολυαναλώτοις
1090 1265 1189 1328 δαπά-

64 1391 125 1434 ναις
146 1371 420 1450 κατεςκευάζετοὴ
444 1373 539 1450 εκηνή
554 1371 750 1451 τριωρόφοις
766 1372 1004 1451 οἰκοδομήματι,
1027 1375 1189 1438 πεποικιλ-

34 1482 131 1557 ιυμένη
153 1481 411 1559 παραπετάςμαςι
427 1482 476 1544 καί
499 1480 630 1546 ὀθόναις
653 1483 777 1546 λευκαῖς
793 1483 843 1545 καὶ
865 1482 1040 1559 μελαίναις,
1064 1482 1189 1562 βύρεαις

63 1610 92 1653 τε
106 1591 314 1665 παταγούεαις
330 1591 379 1654 καὶ
394 1590 618 1674 χειροτινάκτιμ
634 1591 719 1670 πυρί,
736 1590 887 1669 ὀρύγμαςί
903 1611 935 1654 τε
951 1591 1131 1667 καταγαίοις
1141 1593 1190 1655 καὶ

63 1699 235 1780 ῦπαγαίοις,
260 1701 310 1763 καὶ
324 1700 452 1764 ὑδάτων
473 1702 658 1778 δεξαμεναῑς
674 1699 718 1764 εἰς
737 1701 840 1764 τύπον
859 1701 1013 1779 θαλάςςης
1030 1703 1191 1780 ταρτάρου

65 1809 135 1888 ᾅδου
155 1813 321 1888 κεραυνῶν
342 1811 392 1874 καὶ
413 1814 572 1890 βροντῶν,
593 1814 651 1888 γῆς
672 1809 722 1872 καλ
744 1810 875 1886 νυκτὸς,
898 1810 1052 1888 ούρανοῦ,
1074 1811 1191 1889 ἡμέρας

65 1921 107 1981 καί
128 1919 315 1998 ἀνακτόρων
338 1921 387 1982 καί
414 1919 548 1984 πάντων
577 1919 702 1984 ἁπλῶς’
730 1919 830 1983 αὐλάς
851 1940 885 1983 τε
909 1920 948 1984 οὐ
970 1921 1079 2000 μικρὰς
1104 1919 1191 2000 εἶχεν

37 2028 293 2106 ι-ἰἐέειργαςμένας
315 2031 365 2092 καὶ
388 2029 505 2108 ἀψῖδας
528 2029 571 2093 εἰς
601 2029 704 2094 τύπον
734 2029 830 2093 ὁδῶν.
874 2030 939 2092 Διὰ
961 2032 1018 2108 μὲν
1042 2030 1102 2095 οὖν
1124 2031 1190 2109 ἀρι-

66 2141 162 2216 ςτερᾶς
183 2139 302 2219 ἀψῖδας
324 2138 481 2217 ἐχώρουν,
504 2139 544 2202 ἂν
568 2139 612 2202 ιίις
635 2139 670 2202 ἐκ
693 2138 820 2202 πόλεως
848 2138 925 2216 ήςαν
951 2139 1122 2204 ὁδεύοντες
1146 2141 1190 2204 ῶς

66 2247 135 2322 πρὸς
156 2249 276 2325 ἀγρούς
299 2249 349 2311 καὶ
370 2249 501 2327 θέατρα
526 2249 565 2312 ἂν
589 2249 624 2312 δέ
647 2249 729 2326 πρὸς
752 2248 847 2311 πόλιν
871 2249 916 2310 ῶς
944 2248 979 2311 ἐκ
1005 2249 1149 2329 θεάτρων
1171 2252 1190 2327 ἢ

66 2355 111 2417 ἀπ’
131 2357 238 2434 ἀγροῦ,
262 2357 315 2420 διὰ
338 2360 448 2422 δεξιάς.
493 2358 632 2421 Τοιαῦτα
654 2359 711 2435 μέν
734 2357 754 2434 ἡ
776 2360 832 2434 τῆς
855 2360 967 2434 ςκηνῆς
990 2358 1126 2437 ἐργαςία.

132 2465 160 2528 5.
176 2468 221 2530 Τὰ
233 2468 363 2544 ςκηνικὰ
378 2469 406 2530 δ’
421 2466 475 2530 ἀπ’
487 2467 584 2544 αὐτῆς
599 2467 782 2544 καλούμενα
797 2467 939 2545 δράματα
953 2469 1003 2530 καί
1014 2471 1191 2546 πρακτικῶς

36 2589 55 2624 υ
67 2573 190 2639 ἐτελεῖτο
212 2578 262 2640 καὶ
285 2578 429 2650 λογικῶς.
467 2576 611 2640 (ύςταςις
634 2579 669 2640 δέ
690 2577 817 2642 τούτων
833 2577 954 2654 ὑπῆρχε
977 2578 1016 2639 τὰ
1030 2581 1096 2640 τῶν
1113 2577 1190 2642 ύπο-

66 2687 167 2760 κριτῶν
182 2689 355 2765 πρόςωπα·
378 2685 537 2764 πρόςωπα
559 2686 595 2751 δέ
616 2689 683 2750 τοῖς
705 2687 762 2764 μὲν
778 2689 935 2763 τραγικοῖς
951 2687 1000 2749 καὶ
1015 2691 1191 2765 ςατυρικοῑς

67 2791 121 2856 άνά
140 2798 245 2862 δεκαέξ
268 2795 362 2872 ήςαν·
385 2796 403 2858 δ
427 2796 563 2874 κωμικὸς
585 2795 621 2858 δέ
647 2794 733 2874 εἶχεν
755 2781 805 2858 κδ·
834 2795 1034 2874 ἃπρόςωπα
1062 2797 1190 2875 ὑποκρι-

67 2903 126 2965 τικὰ
151 2911 214 2968 τῶν
243 2907 344 2983 τριῶν
374 2908 528 2984 ςκηνικῶν
555 2904 752 2982 ποιημάτων,
779 2905 819 2968 τὰ
846 2904 945 2970 οἰκεῖα
972 2911 1017 2989 τῷ
1045 2907 1117 2969 καθ’
1145 2905 1190 2970 ένί

69 3011 161 3076 αὐτῶν
192 3017 241 3078 καί
277 3013 383 3096 οἰκείῳ
415 3013 629 3093 ήθροιςμένως
663 3033 692 3078 τι
725 3017 869 3091 δρῶντα,
906 3015 1006 3093 χορὸς
1038 3015 1189 3080 ἐκαλεῖτο.

38 3136 57 3172 υ
69 3121 229 3199 Διαιρεθείς
244 3125 282 3188 δέ
303 3124 323 3187 δ
339 3125 437 3203 χορὸς
453 3122 496 3188 εἰς
511 3125 568 3200 μὲν
584 3123 724 3200 τμήματα
739 3123 809 3199 δύο,
831 3122 978 3202 ἡμιχόρια
993 3124 1190 3203 ὠνομάζετο.

68 3237 312 3312 πυραχρηςπκῶς
341 3235 376 3298 δέ
404 3233 453 3296 καί
480 3233 592 3311 χορός
627 3231 653 3294 εί
681 3234 716 3296 δὲ
745 3232 789 3297 εἰς
817 3233 875 3296 ἕνα
902 3233 960 3298 ἕνα
991 3235 1106 3312 ἐτμήθη
1141 3236 1191 3298 καί

68 3342 191 3419 μερικὸν,
206 3343 374 3421 ὑποκριταί
389 3342 501 3405 ἁπλῶς
516 3343 693 3406 ἐκαλοῦντο
708 3347 805 3425 κοινῷ
821 3348 866 3426 τῷ
880 3341 1022 3420 ὀνόματι,
1038 3344 1137 3409 διὰτὸ
1150 3345 1190 3422 μὴ

68 3447 202 3514 δύναςθαι
216 3455 271 3534 μιᾷ
294 3451 397 3529 κλήςει
419 3453 667 3531 περιληφθῆναι,
685 3451 762 3516 ῶςὸ
784 3452 883 3530 χορὸς
905 3452 955 3515 καί
976 3453 1015 3515 τὰ
1036 3453 1191 3532 ἡμιχόρια.

69 3557 263 3635 Διαιροῦνται
285 3561 347 3639 γὰρ
369 3562 408 3624 τὰ
431 3561 540 3639 μερικὰ
561 3565 660 3625 ταῦτα
676 3559 719 3624 είς
741 3561 840 3631 πόςα;
863 3561 906 3625 εἰς
928 3561 1191 3639 προλογίζοντας,

40 3665 105 3729 υείς
125 3667 270 3746 ἄγγελον,
299 3669 341 3734 εἰς
364 3671 546 3746 έξάγγελον,
570 3671 613 3735 εἰς
635 3671 868 3748 καταςκόπους,
896 3672 939 3734 εἰς
961 3671 1123 3751 φύλακας,
1148 3673 1191 3736 εἰς

68 3773 177 3854 ἥρωας,
201 3779 377 3856 είεθεούς,
399 3779 443 3843 εἰς
458 3779 541 3843 ἄλλα
556 3780 656 3859 μυρία.
686 3780 820 3844 Τούτων
836 3779 895 3844 οὖν
917 3785 983 3844 τῶν
1004 3781 1191 3859 προςῶπων
1212 3788 1256 3835 121

68 3883 108 3944 τὸ·
126 3885 203 3950 ὅλον
235 3887 405 3967 άθροιςμα,
439 3889 457 3951 ὃ
492 3891 542 3952 καὶ
574 3891 673 3968 χορὸς
707 3890 861 3966 ἐκαλεῖτο,
894 3890 1033 3955 εἰςελθόν
1062 3891 1105 3954 είς
1132 3879 1191 3967 τήν

69 3989 244 4074 ὀργήςτραν,
266 3999 306 4074 ἣν
329 3997 454 4077 ἐφαςαν
476 4000 525 4063 καὶ
547 4002 677 4075 λογεῖον
699 4038 738 4047 -
755 4002 813 4078 τήν
832 4001 866 4063 δὲ
887 3999 1053 4064 εἰςέλευςιν
1074 3999 1190 4076 ταύτην

131 4169 257 4180 ·———-—...

126 4259 263 4312 δτὲοού.
316 4261 452 4316 θοίοοςί.
509 4261 846 4332 [θαίκοδωμήμαςιοοιίή
903 4267 939 4316 14.
953 4259 1118 4328 ἀνακτόροις
1132 4259 1191 4314 eod.

71 4349 113 4405 426,
130 4349 176 4402 ἕνα
193 4355 343 4407 καθ’ἕναθ
379 4354 407 4408 Ρ.
427 4356 469 4425 R]

115 4451 156 4487 τις.
175 4453 336 4492 αιτιαιιυιιι
358 4458 504 4494 ονυιιουιι
525 4461 543 4500 ι,
952 4443 990 4504 14
