2954 5134
263 311 325 374 598
650 328 696 372 ua
720 326 789 374 ouo
812 327 856 372 ar
880 325 1021 374 551511.

264 485 407 544 servetur
430 481 609 543 litterarum
632 478 707 542 ordo
731 479 847 564 (quode
870 479 979 542 monui
996 476 1240 562 Prolegomenis
1267 475 1382 539 111115

266 613 350 653 mam
365 591 453 674 Mag.
471 612 502 672 p.
520 589 580 654 XV
597 591 676 674 sip),
701 591 733 651 et
755 610 845 671 vem,
871 609 952 672 quae
974 609 1008 651 re
1031 591 1106 652 sunt
1129 587 1311 668 coniuncta,
1332 606 1383 648 una

215 706 247 754 1⁵
264 700 343 764 item
376 701 588 783 continuaque
625 699 790 762 notatione
828 697 1155 780 comprehendantur,
1193 696 1226 760 in
1259 695 1383 760 Gudiauo

266 812 373 873 autom
400 809 511 873 eadem
540 831 597 892 per
623 809 767 893 singulas
797 809 971 891 particulas
1005 807 1165 890 discerpta
1196 805 1385 889 compluribus

267 919 497 1002 dispertiantur
524 919 754 982 notationibus.
800 918 897 981 Velut
924 918 959 981 in
988 917 1043 980 illo
1072 939 1152 1001 quae
1182 916 1387 982 continuantur

267 1053 297 1092 ν.
322 1030 465 1111 Ξάνθοε,
489 1030 523 1092 11
546 1029 607 1091 hoc
629 1029 727 1091 habes
750 1028 915 1111 tripartita
937 1050 969 1110 p.
993 1028 1072 1110 413,
1096 1027 1149 1090 25.
1172 1027 1224 1092 33.
1248 1028 1302 1109 35,
1330 1046 1387 1087 eau-

268 1139 400 1222 demque
423 1139 581 1202 rationem
604 1138 716 1201 horum
744 1137 961 1220 deprehendes
989 1137 1042 1200 Et.
1066 1136 1111 1200 M.
1135 1159 1167 1220 p.
1193 1137 1271 1218 610,
1293 1136 1339 1199 30.
1357 1133 1389 1196 a

143 1282 145 1285 ·
269 1272 297 1312 ν.
322 1251 413 1314 ξένοε
435 1279 478 1303 =
505 1248 586 1312 Gud.
618 1249 696 1330 414,
719 1248 772 1312 45.
799 1249 880 1329 415,
911 1249 939 1312 1.
962 1248 998 1331 4,
1026 1285 1068 1296 -
1096 1247 1152 1313 Ε1.
1175 1247 1220 1310 M.
1249 1246 1337 1326 ξηρόν
1358 1270 1390 1298 =

270 1358 351 1422 (lud.
374 1358 447 1441 415,
474 1360 522 1422 17.
539 1358 597 1440 20,
618 1395 659 1406 -
681 1359 891 1438 adpetet:
913 1357 1085 1439 (1511572,
1106 1358 1159 1422 56.
1181 1359 1257 1448 573,
1272 1357 1301 1422 5.
1316 1356 1390 1436 6,-

270 1469 390 1548 ψεδνόε
406 1496 448 1523 =
470 1467 552 1532 Gud.
569 1468 642 1548 573,
662 1469 711 1530 11.
732 1467 785 1548 13,
800 1506 841 1516 —-
858 1468 962 1548 ψηνόε
982 1496 1025 1523 =
1041 1466 1121 1531 Gud.
1138 1468 1214 1550 573,
1230 1467 1282 1532 34.
1297 1465 1348 1548 58,
1360 1501 1391 1511 -

271 1583 415 1658 ψηλαφῶ
439 1607 481 1632 =
503 1577 584 1641 Gud.
607 1578 685 1659 573,
707 1578 759 1641 45.
782 1578 854 1670 574,
879 1578 912 1660 9,
928 1614 969 1624 -
990 1579 1085 1658 ψιλόε
1106 1605 1149 1634 =
1173 1576 1255 1642 Gud.
1279 1576 1349 1658 574,
1367 1575 1390 1638 5.

271 1689 328 1771 36,
348 1725 390 1736 —
413 1689 479 1767 ψύη
502 1717 544 1741 =
568 1687 651 1752 Gud.
675 1687 756 1769 575,
780 1688 810 1750 6.
837 1689 885 1751 14.
913 1688 961 1769 17,
985 1690 1021 1750 51
1043 1687 1095 1751 hio
1121 1709 1209 1751 nunc
1232 1687 1392 1750 subsistam.

272 1797 359 1873 (luae
374 1819 424 1860 res
440 1797 611 1861 manifesto
627 1797 816 1860 docimiento
833 1801 891 1879 est,
911 1797 1064 1861 maiorem
1079 1801 1112 1860 et
1132 1800 1273 1861 aetatem
1287 1803 1317 1860 et
1330 1796 1393 1858 inte-

273 1907 425 1992 gritatem
452 1907 619 1971 Gudianae
647 1906 841 1970 recensionis
870 1928 954 1989 csse,
987 1906 1244 1991 quandoquidem
1273 1905 1394 1990 singulas

274 2017 339 2080 eius
362 2017 536 2101 particulas
560 2021 810 2081 consentaneum
839 2020 888 2080 est
915 2039 953 2080 51
982 2017 1114 2082 diversis
1136 2017 1281 2081 fontibus
1304 2017 1395 2079 ductas

274 2127 417 2210 credere,
446 2149 579 2210 quorum
608 2127 873 2210 explorandorum
896 2127 981 2191 viam
1008 2128 1182 2192 artificiosa
1204 2128 1317 2212 Magni
1335 2125 1396 2207 Ery-

273 2238 424 2322 mologici
448 2238 649 2301 concinnitas
676 2237 791 2300 mirum
820 2241 975 2321 quantum
995 2237 1178 2322 praeclusit.
1220 2237 1396 2319 Quamquam

276 2349 372 2412 etiam
401 2349 435 2412 in
462 2350 522 2411 hoc
545 2370 640 2430 saepe
668 2369 800 2411 numero
824 2347 1119 2432 conglutinatamm
1141 2353 1251 2412 sutura
1281 2344 1396 2411 notatio

275 2482 352 2522 num
373 2458 539 2541 particulis
561 2457 750 2542 quibusdam
772 2458 993 2542 grammaticis
1015 2458 1176 2542 proditur,
1206 2463 1243 2521 ut
1271 2459 1300 2523 οἱ
1320 2458 1364 2537 δέ,
1382 2453 1396 2530 ἦ

277 2573 309 2632 51
331 2590 411 2651 quae
433 2572 508 2631 suut
530 2568 665 2650 similes,
690 2567 826 2631 ermdem
848 2568 915 2632 fere
937 2569 973 2632 in
994 2568 1133 2651 modum,
1157 2589 1252 2652 quem
1273 2567 1307 2631 iu
1325 2564 1396 2629 scho

276 2679 328 2740 liis
356 2676 534 2741 Homericis
565 2678 725 2741 subtiliter
753 2677 902 2741 Lehrsius
930 2677 1100 2762 indagavit
1132 2678 1171 2742 de
1199 2677 1299 2742 Arist.
1331 2672 1396 2738 stud.

278 2787 372 2851 Hom.
395 2810 427 2870 p.
452 2789 503 2852 34.
527 2787 568 2852 32
591 2810 637 2870 sq.
664 2789 713 2851 17.
758 2787 890 2851 Praeter
913 2809 950 2851 ea
973 2791 1097 2870 autem,
1126 2809 1208 2872 quae
1238 2785 1397 2852 communia
1468 2797 1469 2800 ’

278 2903 353 2962 sunt
375 2898 540 2961 amborum
562 2896 872 2981 Etymologicorum,
901 2919 967 2961 non
996 2898 1181 2982 ignoramus
1209 2901 1330 2961 exstare
1349 2893 1398 2956 alia
1468 2921 1469 2952 l

279 3008 441 3091 utriusque
463 3007 557 3070 lexici
581 3007 710 3090 propria
733 3007 817 3070 haud
840 3007 918 3071 adeo
941 3029 1052 3090 pauca.
1086 3007 1184 3071 Velut
1206 3009 1241 3071 in
1263 3007 1291 3072 Ξ
1311 3006 1398 3068 littera
1468 3007 1469 3010 ’

280 3118 426 3201 propriae
448 3116 664 3201 Etymologici
692 3117 805 3201 Magni
831 3117 1013 3181 notationes
1036 3116 1097 3180 hae
1125 3120 1215 3182 sunt:
1243 3121 1294 3196 ξῦ,
1319 3115 1399 3179 Ξενο·

280 3233 372 3309 φῶν,
400 3228 581 3310 ξιφίεματα,
614 3228 767 3312 ξύλοχοε,
797 3229 969 3311 ξυλήφιον,
998 3226 1123 3310 ξυετόε,
1153 3228 1262 3311 ξύνεε,
1291 3227 1400 3302 {tralo-

281 3343 349 3420 δεε,
378 3338 507 3404 ξενίζειν
537 3338 675 3400 cumeis
704 3359 784 3422 quae
814 3342 1049 3422 consequuntur
1078 3337 1253 3420 511ξηρόε,
1284 3330 1400 3401 Gudiani

282 3469 355 3510 vero
385 3447 460 3509 hae:
489 3449 647 3530 ξαντικόε,
676 3451 794 3527 ξανθήν
824 3470 894 3512 curn
922 3448 1074 3531 proximis
1103 3447 1143 3512 ad
1166 3452 1271 3515 ξεῖνοε
1292 3447 1336 3510 roi
1354 3449 1399 3508 ξει-

282 3562 427 3633 rotetur,
452 3558 538 3624 ξενία
545 3607 554 3640 ,
576 3558 739 3638 Ξενοφῶν
763 3581 891 3641 prorsus
914 3579 951 3622 ea
974 3559 1015 3640 ab
1036 3558 1151 3643 Magni
1173 3558 1333 3622 notatione
1352 3551 1398 3614 dis·

284 3689 433 3751 crapario,
457 3668 593 3745 ξεετίον,
616 3669 710 3750 ξηρά,
734 3669 882 3752 ξηραίνω,
907 3653 1026 3736 ξόανο1
1048 3691 1080 3751 p.
1098 3669 1173 3750 415,
1196 3668 1239 3732 56
1262 3663 1398 3752 (uanior,

284 3779 397 3856 ξύλον,
425 3778 522 3844 ξύλον
554 3778 633 3862 (non
661 3777 738 3840 item
772 3779 928 3862 posterior
956 3777 1112 3861 quaedam
1139 3778 1179 3840 de
1208 3777 1315 3842 eadem
1339 3791 1399 3834 socr

283 3887 407 3951 notatio
430 3910 461 3971 p.
485 3889 558 3970 416,
583 3889 634 3970 34,
659 3888 781 3970 dequo
805 3889 956 3952 convenit
976 3889 1097 3973 Magno
1119 3887 1207 3972 Et),
1231 3889 1350 3964 ξυνέηκε
1368 3877 1398 3942 ad

284 4000 410 4080 ξυνήια,
439 3999 633 4081 ξυμβαίνων,
664 4001 875 4081 ξυνθήματοε,
905 4000 1075 4081 ξύνθακοε,
1110 3998 1284 4080 ξυνωρίδα,
1313 3991 1398 4059 racc.

285 4109 419 4186 ξυνωρίε
441 4131 472 4191 p.
495 4109 573 4184 418,
600 4112 614 4171 1
640 4108 748 4192 (quam
771 4109 898 4192 quidem
920 4108 1112 4172 antecedens
1135 4109 1259 4172 notatio
1284 4125 1340 4169 nou
1358 4099 1398 4160 dr

287 4222 335 4280 est
357 4219 507 4302 Magno),
537 4221 633 4299 ξυρόν
662 4243 694 4304 p.
722 4220 800 4302 418,
825 4220 846 4282 4
874 4219 1021 4304 (115113).
1066 4218 1114 4282 De
1142 4217 1270 4302 reliquis
1295 4211 1397 4292 utrium

288 4329 387 4392 lexico
411 4331 559 4393 convenit
582 4330 743 4394 omuibus:
774 4353 851 4413 quas
880 4330 966 4393 enim
993 4329 1028 4393 in
1050 4327 1199 4392 Gudiano
1220 4350 1251 4412 p.
1272 4323 1336 4404 414,
1354 4317 1396 4382 29
