2954 5134
373 393 532 442 monrsn
553 393 908 442 nnurcnuunsssnsrs.
1146 377 1209 442 533

85 547 287 630 consentiunt,
311 567 381 630 ουρ.
399 547 440 610 82
463 545 576 623 ὀλίγον
599 545 732 626 ὕετερον
756 545 941 610 exhibentia
963 567 1021 630 pro
1044 545 1156 622 ὀλίγου
1178 545 1207 611 ὕ.

84 663 111 722 el
130 659 170 724 ὼε
190 658 330 737 ἐπράχθη
351 677 410 740 pro
438 657 498 721 άεα
520 657 680 736 ἐπράχθη,
710 677 781 720 cum
803 661 833 720 B
861 659 968 720 autem
992 659 1104 720 eontra
1127 663 1153 718 A
1175 655 1209 718 in

83 767 138 832 his:
159 789 184 831 α.
200 767 238 832 83
261 767 361 846 ὅεπερ
382 766 516 832 ἐκείνων
536 786 596 849 pro
613 765 720 847 ῶεπερ
743 765 891 843 ἐκείνων,
918 768 998 846 παρ’
1020 765 1128 832 αὐτῶν
1151 785 1209 848 pro

83 879 132 942 ὑπ’
151 878 270 956 αὐτῶν,
292 879 349 956 τῆε
371 880 435 955 cipe
457 875 652 956 θυγατρὸε
673 880 803 959 prount
825 877 1018 957 θυγατρὸε
1039 879 1105 955 silc
1127 878 1208 954 εῆε,

82 990 281 1054 rotensibus
302 1007 361 1070 pro
383 987 461 1052 rote
481 989 598 1052 παῖδα(
625 985 722 1068 ἐγῶ,
751 986 862 1070 εὐνοίᾳ
888 1007 946 1070 pro
973 985 1101 1067 ἐννοίᾳ,
1129 984 1209 1049 trut-

82 1119 139 1178 ρων
168 1119 222 1180 pro
255 1097 394 1177 ἐτέρων,
429 1098 613 1176 περιβολαῑε
646 1095 796 1162 ἑαυτῶν
828 1097 902 1179 ξίφη
935 1117 993 1180 pro
1025 1097 1209 1176 περιβολαῑε
1229 1111 1259 1160 rs

81 1210 157 1288 ξίφηε
188 1229 257 1290 cap.
275 1207 317 1271 84
338 1208 406 1286 τὴν
428 1211 495 1272 τῶν
518 1209 650 1288 βρεφῶν
671 1227 739 1292 pro
752 1211 819 1272 τῶν
843 1187 992 1289 βρεφῶν,
1020 1209 1208 1286 θραματικῆε

81 1320 329 1400 protestentur,
358 1316 507 1396 Ίλουίαν,
539 1315 668 1382 Ἰλουίαε
702 1337 760 1399 pro
788 1315 896 1394 Ἰλίαν,
925 1317 1031 1394 Ἰλίαε,
1059 1316 1208 1380 δέδωκε

80 1432 152 1492 rou
172 1426 410 1508 φυλάττουει
433 1427 500 1490 rte
523 1427 668 1490 ὠθῑναε
690 1447 748 1508 pro
770 1429 853 1490 τοῑε
875 1427 1120 1508 φυλάττουει
1141 1425 1209 1489 rut

80 1538 208 1604 ῶδῖναε
237 1537 404 1613 ἔδωκεν,
437 1535 456 1599 ὁ
485 1535 629 1613 Ἀμόλιυε
662 1555 720 1618 pro
749 1535 906 1614 Ἀμόλιοεε
939 1535 973 1600 Π
1001 1557 1027 1599 ο.
1055 1533 1098 1598 32
1127 1532 1209 1612 πρὸ(

79 1649 167 1728 ὀργὴν
188 1667 247 1730 pro
268 1649 314 1710 δι’
337 1645 450 1725 ὀργῆε,
474 1645 517 1709 είε
540 1645 559 1708 ὃ
581 1645 675 1709 τέλοε
697 1665 755 1728 pro
778 1645 821 1710 είε
843 1647 950 1724 τέλοε,
979 1649 1065 1728 είχεν
1088 1649 1208 1729 ἀχθὸ-

78 1777 176 1833 μεναι
200 1763 240 1842 τῇ
267 1755 360 1820 κτίεει
382 1775 440 1837 pro
463 1752 530 1833 εἶχε
551 1760 589 1839 τῇ
611 1753 719 1831 κτίεει,
747 1776 817 1839 οιιρ.
833 1755 875 1820 33
898 1755 957 1821 ἕνα
983 1762 1067 1838 τρεῑε
1090 1780 1149 1842 pro
1171 1760 1207 1825 ἓν

79 1867 104 1930 ut
122 1870 207 1946 rpeit.
243 1863 337 1928 Vnde
359 1863 420 1928 hoo
436 1867 521 1928 uerte
536 1863 746 1950 intellegimur,
770 1865 896 1930 saeoulo
918 1864 948 1928 X
963 1865 1094 1932 ineunte
1109 1867 1204 1932 fidem

77 1975 294 2060 exemplarium
308 1971 578 2057 Dionysianorum
594 1973 628 2038 iu
644 1995 682 2038 ea
702 1975 904 2058 potissimum
925 1977 1111 2042 recensione
1134 2001 1207 2042 eon-

79 2085 185 2150 stitisse
206 2107 304 2170 quam
335 2085 557 2168 repraesentat
579 2088 618 2148 B.
634 2123 676 2134 -
697 2085 808 2170 longe
831 2091 938 2149 autem
959 2087 1102 2151 omnium
1124 2087 1209 2152 lucu-

77 2195 277 2260 lentissimum
299 2193 524 2258 documentum
539 2193 615 2258 lieet
637 2215 654 2256 e
678 2194 852 2280 Georgio
874 2194 1065 2279 Synoello
1087 2201 1206 2281 petere.

74 2302 194 2370 Etenim
215 2305 313 2370 Dion·
336 2303 368 2386 Ι,
393 2305 434 2368 72
457 2325 528 2368 eum
551 2325 589 2367 er
612 2308 720 2368 ACDP
743 2303 823 2370 haee
850 2305 1039 2391 vulgentur:
1075 2307 1208 2372 Καλλία(

75 2417 105 2478 δὲ
118 2415 135 2480 ὁ
148 2418 204 2482 τάε
219 2415 451 2494 Ἀγαθοκλέυυε
466 2414 595 2494 πράξειε
609 2413 815 2496 άναγράψαε,
838 2417 962 2496 Ῥώμην
980 2417 1052 2483 τινὰ
1071 2417 1208 2500 Τρῳάδα

74 2528 131 2590 τῶν
152 2525 403 2608 ἀφικνουμένων
425 2523 489 2604 άμα
515 2528 584 2590 soit
606 2523 715 2589 ἄλλοι(
738 2526 861 2606 Τρωελν
887 2525 932 2591 etc
955 2527 1086 2593 Ἰταλίαν
1109 2527 1207 2607 γήμα-

75 2639 134 2700 εθαι
159 2635 287 2720 Λατίνῳ
313 2640 361 2718 τῷ
388 2638 506 2716 βαειλεῑ
537 2639 604 2701 τῶν
632 2635 838 2716 Ἀβοριγίνων
871 2637 922 2700 καί
952 2641 1102 2716 γεννῆεαι
1136 2637 1208 2702 δύο

74 2747 205 2811 παῖδα(
234 2746 382 2825 Ῥῶμον
411 2745 471 2810 καὶ
497 2745 708 2824 Ῥωμύλον·
746 2746 922 2812 οίκίεανταε
950 2748 986 2812 δὲ
1013 2747 1108 2813 πόλιν
1142 2747 1208 2812 ἀπὸ

74 2857 122 2932 ιῆε
140 2857 259 2936 ρητρὸε
281 2855 361 2940 αὐτῇ
377 2856 483 2920 θέεθαι
503 2855 661 2934 τοῦνομα·
685 2855 756 2940 quis
777 2875 894 2940 quaeso
916 2854 956 2920 de
971 2855 1087 2920 lacuna
1108 2858 1208 2938 suspi—

75 2965 176 3028 cetur?
218 2963 266 3028 Et
291 2967 401 3028 tamen
428 2963 507 3028 haee
539 2986 606 3029 non
638 2969 765 3046 tantumn
798 2965 941 3050 graviter
971 2965 1094 3030 afflicta
1120 2969 1206 3049 sunt,

73 3072 120 3136 sed
141 3074 241 3139 etiam
263 3074 400 3158 vestigia
427 3074 582 3158 pristinae
609 3075 806 3158 integritatis
834 3076 931 3140 solius
954 3081 983 3140 B
1007 3074 1208 3160 praestantia

74 3189 265 3248 conservata.
310 3183 364 3248 Sic
386 3183 473 3248 enim
494 3183 563 3247 hic:
586 3185 636 3248 καλ
657 3188 808 3264 γεννῆεαι
829 3189 933 3265 τρεῖ(
955 3189 1096 3251 παῖδα(
1118 3185 1207 3250 Ῥῶ-

72 3297 218 3370 μοικαὶ
242 3295 441 3372 Ῥωμύλον
469 3295 531 3359 καλ
558 3315 640 3356 eum
669 3315 791 3358 vaouo
819 3295 951 3380 spatio
978 3295 1208 3361 οίκίεανταε

73 3405 109 3466 δέ
129 3424 156 3466 ο.
179 3425 210 3486 q.
236 3425 262 3466 ε.
314 3401 444 3488 Ergone
475 3403 619 3467 diversae
648 3403 820 3468 memoriae
852 3404 1123 3488 significationem
1156 3425 1206 3468 ex-

72 3511 221 3576 trinsecus
250 3512 415 3598 irrepsisse
442 3512 476 3576 in
503 3517 533 3576 B
560 3512 759 3598 putabimus,
792 3536 834 3577 en
868 3535 939 3576 eam
970 3513 1156 3576 memorium
1188 3536 1207 3576 a

73 3619 220 3706 Dionysio
244 3623 435 3707 profectam,
464 3621 573 3685 fallaci
596 3627 703 3688 autem
731 3623 901 3688 sedulitate
924 3623 1021 3686 etiam
1049 3623 1083 3686 in
1106 3629 1131 3686 Α
1154 3621 1208 3686 oe

71 3729 267 3796 litteratam?
330 3730 483 3795 Deseruit
518 3731 658 3816 Syneelli
699 3733 935 3817 apertissimum
977 3732 1206 3813 testimonium,

72 3841 232 3906 translatis
248 3841 282 3904 in
298 3831 596 3924 Chronographiam
611 3865 701 3906 suern
716 3865 748 3927 p.
766 3843 825 3908 193
837 3842 886 3906 ed.
902 3842 976 3906 Par.
989 3843 1050 3906 vol.
1067 3842 1083 3906 I
1098 3865 1129 3926 p.
1146 3843 1208 3906 363

76 4013 211 4022 .-—.-....--.

70 4117 151 4172 Gaist'.
169 4119 315 4187 legumtur:
340 4121 385 4173 καί
408 4119 435 4173 τί
457 4122 511 4186 γάρ
531 4119 650 4187 Ἐφόρου
669 4121 752 4186 ίθιον,
775 4123 845 4188 ἐφη,
869 4123 899 4174 ἐκ
921 4127 981 4174 τῶν
999 4121 1144 4184 Δαίμάχου
1163 4121 1208 4172 καί

71 4212 267 4266 Καλλιεθένουε
290 4215 335 4266 καί
359 4213 552 4278 Ἀναξιμένουε
575 4215 674 4268 αὐταί(
702 4215 805 4268 λέξεειν
827 4216 901 4268 ἐετιν
923 4217 972 4268 άτε
995 4212 1206 4280 τριεχιλίουε

69 4305 166 4361 ὅλουε
190 4305 389 4371 μετατιθέντα(
412 4305 562 4370 ετίχουε,
592 4323 625 4360 ex
649 4305 688 4360 eis
717 4323 818 4360 novum
845 4307 1001 4376 exemplum
1023 4305 1078 4358 illis
1100 4304 1208 4360 accedit

70 4412 137 4464 quae
154 4415 244 4469 supra
261 4397 463 4468 composuimus
481 4417 507 4468 p.
528 4405 560 4454 79
578 4415 619 4468 sq.
638 4397 718 4456 huius
735 4398 902 4470 voluminis]
