2942 5134
450 385 593 438 rasarcr
616 387 763 436 saraca.
1117 369 1180 434 433

56 565 229 630 quamquam
253 543 358 627 potuit
380 544 524 626 profecto
547 543 610 606 ianr
633 541 674 606 ol.
700 541 788 606 xcll
806 563 835 604 a.
853 541 948 604 tertio
970 543 1123 624 quartove
1146 539 1180 602 iu

56 654 260 718 llaeedoniam
282 653 472 738 migrare.*)

127 763 284 839 Quantum
313 765 419 826 autem
446 763 599 846 temporis
623 762 708 846 apud
730 761 924 826 Archelaum
949 760 1182 843 consumpserit

56 877 151 957 pocla,
179 895 246 938 non
274 873 352 936 satis
380 874 580 956 exploratum
608 877 667 936 est.
713 871 873 935 Mortuum
901 893 969 934 esse
997 871 1052 934 illo
1083 869 1180 933 etiam

56 988 121 1047 tunc
140 987 297 1068 regnante
320 983 354 1046 in
377 982 583 1066 Macedonia,
608 982 799 1046 scholiastae
820 982 926 1045 uerbis
949 1001 1045 1064 supra
1067 979 1180 1064 positis

57 1093 252 1158 demonstrari
275 1093 415 1156 arbitror
436 1093 631 1176 planissime.
663 1092 735 1156 Etsi
751 1092 836 1155 enim
859 1094 947 1171 μέχρι
972 1089 1050 1179 [τῆς]
1074 1093 1181 1156 τελευ-

57 1209 102 1281 uic
120 1205 213 1267 verba
237 1203 316 1267 adeo
338 1225 407 1267 esse
429 1204 561 1267 obscure
584 1203 689 1286 posita
713 1205 745 1266 et
766 1201 916 1287 ambigue
931 1202 1000 1265 visa
1021 1205 1097 1266 sunt
1116 1223 1181 1265 non

57 1313 154 1396 nullis,
183 1313 271 1376 velut
292 1313 411 1377 Wolfio
432 1312 454 1376 l.
480 1335 519 1397 c.,
544 1316 581 1376 ut
613 1312 765 1377 Archelai
788 1335 829 1376 an
853 1315 967 1395 poetae
990 1311 1095 1375 obitus
1118 1310 1181 1394 sig-

56 1423 224 1487 nificaretur
250 1445 379 1507 prorsus
408 1424 509 1487 latere
531 1425 713 1507 putaretur:
735 1427 844 1486 tamen
866 1421 922 1485 illa
944 1421 1089 1505 equidem
1112 1441 1181 1503 per-

56 1554 168 1597 suasum
189 1533 292 1598 habeo
314 1534 354 1596 ad
377 1533 554 1598 subiectum
576 1531 807 1596 enuntiationis
823 1531 1080 1616 grammaticum,
1100 1531 1182 1614 quod

58 1644 151 1707 estin
180 1649 276 1722 (υνῆν
303 1643 416 1726 verbo,
452 1665 520 1706 esse
552 1641 735 1707 referenda:
774 1664 854 1727 quae
883 1641 1009 1726 quidem
1039 1644 1182 1705 constru-

57 1751 118 1815 endi
142 1754 224 1817 ratio
255 1775 316 1817 nec
344 1753 401 1817 ulli
429 1756 590 1838 repugnat
619 1753 783 1836 scriptoris
813 1751 1013 1835 testimonio,
1045 1756 1077 1815 et
1104 1751 1183 1814 adeo

59 1867 259 1928 consentanea
281 1867 330 1928 est
352 1863 501 1948 loquendi
529 1863 729 1947 simplicitati
751 1862 1023 1947 intellegendique
1047 1881 1182 1924 commo

57 1970 153 2056 ditati,
184 1976 218 2036 ut
245 1995 311 2037 non
339 1974 432 2037 modo
459 1973 635 2057 simplicius
663 1973 790 2036 institui
818 1993 884 2036 non
906 1971 1047 2056 potuerit
1069 1971 1182 2052 oratio,

57 2081 102 2142 sed
123 2086 241 2164 conha,
266 2083 292 2146 si
309 2083 394 2168 regis
410 2105 495 2146 mors
510 2083 724 2168 significanda
746 2083 870 2164 fuisset,
894 2083 994 2146 αὐτοῦ
1016 2081 1184 2165 genetivus

58 2189 153 2255 deesse
180 2191 267 2256 nullo
295 2193 389 2257 modo
416 2193 584 2276 potuisset.
634 2193 719 2256 Nam
747 2193 830 2276 quod
858 2191 951 2256 multi
978 2191 1185 2255 vehementer

58 2297 84 2362 in
109 2323 142 2364 eo
171 2301 231 2366 sibi
257 2304 404 2386 placent,
439 2306 475 2366 ut
508 2303 744 2388 grammaticis,
776 2301 958 2366 scholiastis
992 2300 1125 2384 aliisque
1152 2301 1184 2363 id

58 2430 146 2491 genus
169 2411 376 2495 scriptoribus
398 2413 521 2476 nullam
542 2413 692 2498 loquendi
714 2412 966 2496 neglegentiam,
990 2410 1112 2474 nullam
1136 2433 1184 2474 co-

58 2519 168 2601 gitandi
202 2523 447 2604 perversitatem
474 2545 540 2586 non
574 2545 642 2586 esse
676 2523 810 2607 dignam
837 2543 1062 2606 usquequaque
1094 2519 1184 2584 iacti·

58 2633 118 2692 tent
140 2632 218 2694 mira
240 2632 389 2715 levitate,
414 2654 510 2717 saepe
534 2633 627 2696 eredo
650 2632 848 2697 stomachum
871 2633 1040 2695 moverunt
1061 2630 1183 2714 peritis,

58 2737 163 2811 Quodsi
189 2745 220 2805 et
241 2741 302 2806 hoc
326 2745 447 2806 certum
470 2764 556 2806 nunc
579 2747 643 2826 est,
674 2765 739 2807 non
768 2745 841 2825 post
863 2743 903 2805 ol.
928 2740 1031 2823 XCV,
1058 2743 1073 2804 1
1103 2763 1185 2804 mor·
1203 2755 1235 2803 aa

58 2851 137 2912 tuum
157 2873 223 2915 esse
248 2852 471 2935 Agathonem,
500 2873 560 2916 nec
581 2852 660 2916 illud
682 2855 852 2936 repugnat,
876 2850 960 2935 quod
981 2851 1098 2915 multos
1120 2851 1185 2914 iam

60 2979 150 3023 annos
175 2962 314 3025 Athenis
341 2961 474 3046 Agatho
497 2961 615 3026 afuisse
637 2962 754 3026 dicitur
781 2963 886 3044 priore
914 2961 970 3024 illa
999 2960 1185 3043 Apollodori

59 3069 133 3149 apud
152 3069 320 3135 Platonem
341 3071 527 3135 narratione
553 3071 684 3157 (quippe
706 3091 787 3156 quae
810 3072 873 3134 alio
895 3071 1033 3135 termino
1055 3070 1185 3134 definiu-

59 3179 103 3238 tur
122 3181 221 3264 nullo,
245 3180 309 3245 nisi
331 3180 414 3264 quod
437 3183 469 3244 et
492 3185 567 3246 ante
590 3181 773 3266 Agathonis
795 3187 944 3264 mortem,
974 3179 1013 3245 de
1035 3203 1097 3264 qua
1119 3183 1186 3265 qui-

60 3284 122 3349 dem
149 3311 232 3354 nnnc
254 3291 434 3376 quaeritur,
463 3295 495 3354 et
522 3294 599 3355 ante
621 3292 743 3356 obitum
766 3291 923 3375 Socratis,
952 3292 1013 3356 hoc
1041 3294 1186 3354 estante

66 3457 246 3473 “““·---ι--

120 3558 143 3626 i)
160 3558 260 3628 [Vnum
277 3561 364 3616 totius
387 3560 607 3616 ratiocinationis
630 3579 722 3626 meae,
745 3562 794 3616 sed
813 3579 876 3616 eum
894 3563 1072 3628 acerrimrun,
1092 3561 1187 3616 adver-

62 3648 154 3704 sarium
171 3655 298 3723 expertus
317 3673 390 3720 sum,
409 3655 551 3709 Rananun
570 3655 706 3708 editorem
724 3655 950 3709 Fritzschium
968 3675 995 3725 p.
1015 3662 1045 3709 ll
1067 3673 1136 3724 sqq„
1160 3655 1188 3709 iu

60 3741 239 3814 Aristophanis
262 3747 354 3802 verbis
377 3765 433 3802 non
457 3747 547 3800 misius
571 3763 655 3814 quam
677 3747 706 3800 in
729 3747 879 3802 Platonicis
905 3748 1125 3819 interpretandis
1147 3749 1189 3803 ita

62 3839 214 3905 versantem,
232 3841 263 3893 ut
274 3841 332 3895 lere
345 3840 379 3894 de
393 3839 509 3910 singulis
523 3840 691 3895 contrariam
703 3842 788 3908 atque
807 3857 890 3908 quam
909 3859 965 3910 ego
982 3843 1189 3912 proposuissem

60 3931 215 3986 seutentiam
232 3935 401 4000 sequeretm.
439 3932 522 3988 Cuius
539 3912 706 4002 argumenta
724 3951 778 4001 quo
797 3935 907 4004 saepius
926 3935 982 4003 legi
1000 3935 1096 4004 relegi,
1116 3936 1190 4004 cogi·

60 4021 110 4074 lari
127 4025 280 4094 recogitavi,
299 4045 332 4082 eo
351 4027 454 4082 certius
471 4025 595 4080 intellexi
612 4025 680 4080 nihil
693 4027 749 4080 fere
762 4044 779 4080 a
791 4027 942 4082 l'ritaschio
961 4029 1101 4096 prolatum
1120 4047 1189 4094 esse,

61 4115 126 4176 quod
143 4133 195 4171 nou
212 4121 260 4172 aut
277 4100 392 4174 ratione
417 4119 457 4172 ris
481 4123 510 4173 et
532 4120 683 4174 necessitas
701 4119 854 4188 redarguat
872 4123 920 4173 arat
939 4121 1103 4190 simplicitas
1121 4122 1189 4176 iudi-

62 4207 135 4261 candi
152 4209 337 4281 sentiendique
357 4211 463 4266 sanitas
482 4211 649 4266 dissuadeat.
670 4243 702 4252 —
721 4213 849 4266 Ceterum
867 4213 902 4268 de
915 4214 1031 4268 Platone
1049 4233 1113 4269 mcu
1130 4217 1190 4285 plu-

61 4297 129 4352 ribus
150 4308 288 4359 exsecutus
316 4307 360 4361 est
381 4305 516 4374 Iosephus
535 4305 704 4374 Spillerns
722 4305 750 4358 in
770 4307 1004 4362 commentatione
1024 4309 1192 4365 scholastica

63 4391 233 4451 Gleiwitzcnsi
250 4398 316 4453 anni
335 4403 413 4466 1841,
432 4415 503 4466 quae
522 4401 564 4452 est
582 4398 629 4453 ‘de
646 4399 819 4468 temporibus
838 4400 961 4454 Convivii
979 4401 1148 4476 Platonici'.]

110 4497 153 4536 aa.
171 4500 331 4540 siracusam
352 4501 497 4538 croscum
518 4501 538 4544 ι,
945 4487 986 4554 28
1010 4513 1019 4528 -
