2990 5140
341 304 400 366 lto·
745 319 792 364 uu
816 315 1075 366 smenonurum

337 492 375 533 ac
407 471 510 552 primo
539 470 693 552 scriptum
725 470 823 533 fuisse
849 465 943 561 ἀςκβ
971 471 1003 531 et
1030 465 1138 557 Ιαυξγ,
1167 466 1325 531 neminem
1358 469 1464 552 fugiat.

337 579 405 642 Nec
421 584 487 642 tam
502 579 690 663 diligentem
701 602 759 642 nos
775 579 902 662 quidem
913 579 948 641 in
964 577 1185 660 computandis
1196 579 1336 640 numeris
1347 601 1464 661 operam

336 688 512 770 posuimus,
542 693 577 751 ut
603 712 669 752 nou
695 690 889 771 potuerimus
913 710 949 750 eo
977 689 1011 749 in
1039 709 1156 771 genere
1185 687 1302 770 aliquid
1331 709 1464 770 peccare.

337 797 537 881 Omninoque
560 798 638 860 satis
660 797 812 860 habemus
835 799 873 861 de
896 797 952 860 illa
974 819 1008 859 re
1023 797 1182 859 monuisse
1205 797 1358 860 breviter:
1380 821 1464 879 quani

334 907 465 970 ulterius
488 907 542 990 qui
565 910 648 969 volet
671 911 887 990 persequatur.
911 945 952 954 -
975 907 1030 989 86)
1053 906 1091 968 In
1108 893 1387 969 Moschi'codice
1409 906 1464 969 lle-

335 1016 523 1098 diolanensi‚
548 1017 602 1098 qui
624 1016 649 1078 F
671 1017 819 1100 signatur
844 1039 862 1078 a
886 991 1083 1097 Gai'sfordio,
1108 1015 1319 1097 subscriptum
1343 1023 1390 1078 est
1413 1015 1464 1078 Eu-

335 1147 446 1208 ropae:
471 1127 603 1205 Μόςχου
625 1128 805 1190 ςικελιώτου
828 1126 981 1204 Εὐρώπη(
1004 1126 1101 1204 ςτίχοι
1124 1121 1202 1203 ρξς’;
1226 1145 1287 1206 quo
1307 1125 1386 1187 scite
1401 1148 1464 1187 usu-1

334 1239 383 1297 est
406 1235 547 1298 Naekius
569 1235 603 1298 in
624 1236 789 1298 Prooemio
813 1234 878 1297 iud.
903 1235 976 1297 lect.
1001 1235 1088 1296 univ.
1111 1233 1216 1296 Bonn.
1241 1256 1270 1296 a.
1296 1235 1378 1298 1830
1400 1258 1429 1316 p.
1442 1233 1464 1294 i*

336 1342 464 1429 [Opuse.
483 1345 499 1408 I
520 1368 551 1428 p.
572 1345 655 1431 18ολ
679 1383 721 1392 -
743 1346 797 1429 87)
820 1344 1005 1426 Dionysii
1028 1344 1189 1426 Periegesi
1212 1344 1246 1406 iu
1261 1343 1464 1406 Ambrosiam

334 1454 441 1517 codiee
470 1455 606 1538 quodam
633 1454 860 1536 subscriptimit
889 1456 982 1518 τέλος
1010 1455 1170 1519 διονυςίου
1197 1457 1255 1517 τοῦ
1282 1455 1340 1532 τὴν
1368 1457 1464 1531 περιή-

332 1585 421 1644 γηςιν
444 1565 722 1644 ςυγγραψαμένου.
744 1563 851 1654 Ιαρπεῖ
882 1563 963 1626 Vide
987 1563 1106 1625 Annal.
1132 1562 1201 1626 erit.
1219 1560 1323 1626 Berol.
1345 1584 1373 1624 a.
1394 1563 1464 1625 isan

332 1674 347 1735 I
370 1697 401 1755 p.
426 1675 477 1737 82.
523 1673 647 1737 Similes
670 1673 783 1736 harum
811 1673 1080 1755 subscriptionum
1106 1693 1235 1754 prorsus
1256 1693 1322 1734 non
1351 1671 1464 1734 dubita-

333 1804 401 1844 mus
430 1783 507 1864 quin
535 1783 569 1844 in
595 1783 703 1845 multis
731 1782 821 1845 libris
850 1805 924 1845 mss.
949 1782 1150 1864 reperiantur
1177 1803 1214 1844 ae
1243 1781 1351 1864 colligi
1378 1783 1427 1843 vel
1452 1804 1464 1843 e

334 1891 598 1954 bibliothecarum
613 1893 770 1955 indicibus
787 1892 925 1974 possint:
941 1913 999 1954 uos
1014 1892 1049 1953 in
1065 1891 1110 1954 eis
1126 1891 1370 1973 acquiescnnus,
1394 1914 1464 1973 quae

333 2022 409 2063 casu
435 2001 539 2082 potius
568 2001 754 2064 offendimus
783 2023 878 2084 quam
910 2000 1017 2063 dedita
1044 2023 1140 2084 opera
1169 1999 1402 2082 indagavimus
1432 2037 1464 2046 -

332 2110 386 2194 88)
419 2111 688 2192 Amphilochii
722 2111 872 2194 Episcopi
906 2111 1008 2173 Iconii
1045 2110 1084 2172 ad
1117 2110 1282 2174 Seleucum
1319 2110 1464 2192 epistulae

332 2219 440 2282 addita
469 2219 502 2282 iu
530 2221 593 2282 fine
621 2220 700 2283 haee
728 2225 803 2283 sinit
831 2220 865 2282 in
895 2220 1006 2282 Drellii
1035 2221 1151 2302 Opusc.
1182 2219 1238 2283 Gr.
1267 2221 1407 2282 sentent.
1441 2235 1464 2281 er

330 2351 408 2392 mor.
424 2330 486 2392 vol.
510 2329 542 2392 ll
565 2353 596 2412 p.
620 2330 699 2392 412:

482 2442 521 2518 ἢν
544 2441 696 2518 ἐθέληςθα
717 2445 827 2518 μαθεῖν
853 2442 989 2523 [τούτων
1012 2440 1061 2502 vel
1089 2439 1236 2522 πάντων]
1259 2440 1316 2504 τὸν
1340 2438 1464 2516 ἀριθμὸν

1091 2550 1223 2629 ἰάμβων,

482 2662 564 2737 τρεῖς
587 2661 799 2725 ἑκατοντάδας
821 2660 895 2735 tcta,
919 2661 1013 2725 τάςας
1036 2660 1187 2735 δεκάδας,
1216 2659 1358 2737 μονάδας
1381 2661 1464 2736 τρεῖς

330 2765 437 2851 Vulgo
459 2772 568 2846 μαθεῖν
590 2770 648 2832 τὸν
671 2771 814 2848 ἀριθμὸν,
843 2773 875 2832 et
903 2770 1002 2832 altero
1025 2790 1117 2832 versu
1145 2769 1279 2833 δεκάδας
1301 2770 1352 2832 καὶ
1372 2769 1464 2846 μονά-

330 2882 395 2941 δας.
423 2915 463 2924 -
493 2877 547 2960 89)
577 2877 737 2961 Diogenes
768 2879 871 2941 Laert.
890 2879 985 2960 VIII,
1019 2880 1057 2942 II
1087 2878 1126 2940 de
1154 2877 1406 2960 Empedocle:
1434 2877 1464 2938 τά

297 2998 312 3043 λ’
331 2989 387 3064 μὲν
415 2987 476 3050 οὖν
504 2989 575 3066 περὶ
603 2989 730 3067 φύςεως
758 2990 844 3072 αὐτῷ
874 2991 923 3052 καὶ
946 2989 976 3052 οἱ
998 2991 1150 3067 καθαρμοὶ
1176 2989 1218 3052 εἰς
1242 2988 1311 3066 ἔπη
1335 2987 1464 3050 τεὶνουα

328 3097 576 3174 πεντακιςχίλια,
606 3097 624 3160 ὁ
652 3100 686 3161 δὲ
709 3098 845 3176 ἰατρικὸς
869 3098 966 3174 λόγος
989 3098 1032 3162 εἰς
1054 3099 1126 3176 ἔπη
1154 3097 1345 3163 ἑξακόςια
1390 3094 1464 3168 Quu

330 3225 400 3266 eum
430 3203 586 3289 Bergkius
615 3206 735 3270 Comm.
766 3207 803 3268 de
831 3208 992 3289 prooemio
1021 3206 1155 3289 Emped.
1185 3229 1216 3288 p.
1247 3207 1267 3269 9
1294 3205 1464 3286 composuit

329 3314 460 3378 Suidam
480 3337 508 3377 v.
533 3317 759 3394 Ἐμπεδοκλῆς
782 3317 905 3396 ἔγραψε
926 3321 964 3382 δι’
979 3319 1069 3381 ἐπῶν
1086 3318 1159 3395 περὶ
1181 3316 1308 3395 φύςςως
1332 3317 1399 3378 τῶν
1417 3315 1464 3376 ‹iv-

328 3446 394 3489 των
417 3425 519 3505 βιβλία
541 3419 579 3501 γ’,
602 3427 653 3489 καὶ
674 3425 756 3490 ἕςτιν
780 3427 851 3504 ἔπη
876 3427 920 3491 ὼς
943 3427 1126 3506 διςχίλια·
1157 3426 1278 3503 ἰατρικὰ
1292 3425 1464 3497 καταλογά-

328 3539 395 3611 δην.
439 3533 510 3596 Hoc
538 3537 644 3596 autem
667 3534 712 3596 uti
735 3535 800 3597 noli
828 3540 991 3618 tamquam
1019 3558 1101 3598 novo
1131 3533 1275 3616 exemplo
1300 3535 1361 3612 ἔπη
1385 3533 1464 3594 νος-κε

328 3643 425 3704 etiam
453 3665 564 3725 prosae
592 3644 729 3707 orationi
761 3644 937 3708 adhibitae:
970 3645 1008 3707 de
1042 3667 1103 3727 quo
1135 3667 1194 3707 usu
1225 3643 1302 3706 olim
1332 3642 1464 3704 diximus

327 3774 358 3834 p.
386 3753 455 3814 101.
494 3752 567 3815 Nou
591 3754 676 3816 enini
699 3754 879 3816 dubitamus
904 3777 973 3817 cum
998 3754 1120 3818 Sturzio
1144 3751 1464 3836 petransissem

326 3885 357 3944 p.
384 3862 438 3943 70,
469 3863 544 3945 quin
568 3863 683 3926 Suidae
712 3863 789 3925 illud
814 3866 1034 3943 καταλογάδην
1058 3886 1073 3926 e
1096 3863 1181 3925 mala
1203 3863 1372 3926 verborum
1396 3860 1464 3923 Diu-

326 3972 418 4055 genis
441 3972 705 4054 interpretatione
733 3977 843 4035 natum
872 3974 923 4036 sit.
969 3972 1085 4046 Quodsi
1108 3971 1248 4056 Diogeni
1276 3995 1334 4035 sua
1357 3971 1464 4034 Suiilus

326 4081 435 4163 debet,
461 4086 595 4164 apparet
617 4103 683 4144 non
706 4082 905 4145 mediocriter
928 4083 1082 4146 infirmari
1106 4081 1238 4165 Bergkii
1266 4081 1464 4165 ingeniosam

325 4192 604 4254 ratiocinationem
637 4192 811 4274 quandam,
848 4194 1073 4272 τετρακιςχίλια
1106 4214 1163 4274 μνο
1196 4191 1329 4270 διςχίλια
1357 4189 1464 4273 reponi

326 4299 474 4363 iubentis.
498 4341 540 4349 -
562 4302 616 4386 90)
641 4301 753 4364 Suidas
786 4325 813 4362 v.
838 4305 986 4379 Θέογνις;
1092 4303 1233 4381 ἔγραψεν
1257 4301 1403 4378 ἐλεγείαν
1428 4305 1464 4364 εἰς
