2954 5134
432 357 479 406 oa
502 357 572 406 oao
595 357 639 406 ar
662 357 804 406 omoua.
1129 337 1192 402 603

65 514 138 578 tiens
157 511 389 598 quinquagiens
407 511 646 576 commemorari
664 509 780 594 Orum,
808 511 861 576 vix
879 509 1010 574 triciens
1026 507 1189 574 Orionem.

66 625 159 708 Atque
180 624 213 688 in
235 623 320 688 hanc
342 627 468 706 partem
482 644 548 686 nou
571 621 681 686 dubito
701 629 808 688 seriem
831 621 920 684 illam
937 626 1126 700 popinarum
1143 609 1194 682 inl
1258 639 1263 644 ·

65 733 230 818 terpretari.
276 733 411 818 Singula
434 733 610 818 quomodo
633 732 837 813 definiantur,
866 728 1006 794 nondum
1028 729 1121 794 huius
1143 733 1192 792 cst

65 843 118 908 loci
137 843 293 928 persequi.
328 843 527 928 Quamquam
549 865 647 908 unum
669 843 729 906 hoc
753 841 915 906 commode
937 841 1014 904 licet
1035 839 1189 922 subicere,

65 953 213 1018 verissime
239 954 272 1018 in
295 953 403 1038 Etym.
428 955 471 1018 M.
495 976 528 1038 p.
552 954 609 1036 91,
633 954 675 1018 28
698 953 810 1016 Orioni
833 949 932 1016 Orum
960 950 1071 1014 cedere
1098 971 1191 1033 prop·

65 1065 107 1125 ter
129 1062 270 1128 Zonaras
298 1064 521 1128 auctoritatem
549 1086 580 1146 p.
607 1063 682 1148 151,
717 1063 859 1128 omnium
886 1060 1124 1148 diligentissimi
1156 1061 1191 1126 in

65 1173 116 1238 hoo
134 1195 251 1260 genere
273 1173 458 1260 etymologi.

574 1403 595 1480 a
621 1401 669 1464 ιι.

137 1549 306 1616 Contraria
339 1550 428 1634 huic,
463 1573 557 1636 quem
594 1551 687 1616 modo
721 1551 945 1632 tractavimus,
983 1551 1053 1614 loco
1090 1549 1191 1614 altera

65 1661 195 1742 quaestio
217 1661 273 1725 illa
296 1665 359 1744 est,
388 1684 464 1726 uum
487 1663 586 1745 forte,
616 1662 717 1726 sicubi
740 1661 817 1726 Orio
844 1682 952 1724 earum
975 1681 1081 1724 rerum
1101 1660 1193 1724 testis

65 1770 219 1850 excitetur,
242 1772 380 1856 quaein
403 1773 469 1836 eius
492 1772 594 1837 lexico
615 1773 748 1836 minime
770 1771 926 1856 reperias,
951 1770 990 1834 dc
1012 1771 1192 1854 permutato

66 1899 126 1942 cum
154 1881 272 1946 Orione
299 1882 366 1946 Oro
395 1881 601 1967 cogitandum
629 1883 671 1946 sit
699 1881 861 1964 similiter,
893 1885 988 1965 atquc
1015 1881 1054 1944 de
1081 1857 1192 1964 depra-

65 1991 128 2052 vato
150 1989 183 2055 in
204 1991 304 2072 Ὦρα(
326 1992 443 2073 Ὠρίων
466 1993 596 2056 nomine
618 1992 651 2056 in
674 1993 832 2076 prioribus
855 1991 927 2054 illis.
962 1990 1086 2076 Tetigit
1106 1991 1193 2054 hunc

64 2095 157 2162 locum
184 2099 326 2165 Sturzius
354 2102 455 2185 praef.
486 2125 517 2187 p.
543 2101 604 2186 Vl,
638 2123 730 2186 quern
760 2102 886 2187 quidem
916 2101 1024 2166 mirari
1057 2101 1133 2165 licet
1160 2103 1193 2164 et
1209 2107 1241 2155 ‘20

64 2229 152 2272 unum
172 2213 299 2274 tantum
314 2211 457 2275 nancisci
480 2211 572 2276 istius
587 2211 671 2275 modi
688 2213 867 2296 exemplum
882 2210 1039 2294 potuisse,
1064 2214 1096 2274 et
1118 2231 1193 2274 vcro

63 2316 133 2381 illud
158 2341 286 2403 prorsus
313 2322 355 2384 ab
381 2321 442 2385 hac
471 2343 582 2386 caussa
610 2323 761 2386 alienum.
807 2321 900 2405 Apud
929 2321 1079 2386 Orionem
1107 2319 1193 2383 euim

65 2448 129 2492 cum
149 2451 179 2512 p.
203 2430 261 2514 22,
281 2433 319 2496 11
348 2433 427 2496 haec
455 2433 621 2516 legantur:
650 2434 772 2511 Ἀγυιά,
794 2433 813 2512 ἡ
837 2431 930 2510 ὁδόε,
953 2431 1041 2511 παρὰ
1062 2431 1100 2495 τὸ
1122 2429 1206 2506 ἄγω

64 2538 96 2602 τὸ
116 2541 305 2624 πορεύομαι,
335 2542 546 2626 supplendam
572 2542 625 2606 ille
648 2541 731 2606 hanc
754 2541 952 2606 notationem
974 2541 1123 2604 odoratus
1145 2541 1194 2602 est

65 2667 98 2708 cr
122 2645 256 2714 Bekkeri
278 2659 447 2738 ευναγωγῇ
470 2654 590 2720 λέξεων
621 2653 780 2734 χρηείμων
804 2652 926 2716 Anecd.
954 2673 1003 2736 gr.
1024 2651 1039 2714 1
1062 2673 1093 2734 p.
1118 2649 1191 2732 332,

66 2755 114 2820 13:
143 2760 275 2839 Ἀγυιαί,
303 2761 453 2844 ἄμφοδα,
485 2763 586 2844 ῥῦμαι.
634 2763 684 2828 καὶ
716 2763 859 2844 Ὅμηρος
888 2761 1080 2844 εὐρυάγυιαν
1109 2762 1194 2837 λέγει

64 2868 115 2945 ιήν
135 2871 407 2952 πλατυάμφοδον,
429 2873 501 2939 οἷον

283 3037 344 3100 νῦν
366 3034 429 3114 γάρ
450 3053 505 3100 κεν
529 3034 613 3100 ἕλοι(
636 3035 731 3101 πόλιν
754 3033 954 3115 εὐρυάγυιαν.

66 3177 259 3262 ἢέιιιμήιιειε
289 3185 375 3264 ὁδοί,
408 3187 497 3266 παρὰ
524 3187 562 3252 τὸ
590 3189 630 3267 μὴ
659 3187 744 3267 ἔχειν
770 3208 840 3252 πωε
867 3190 941 3264 γυῖα
968 3187 1016 3252 καλ
1044 3187 1121 3266 μέλη
1144 3187 1194 3251 καλ

66 3287 204 3369 κάμψειε·
237 3295 277 3358 τὰ
307 3297 343 3360 δὲ
376 3295 509 3376 ἄμφοδα
540 3297 667 3377 ἔχουιιν
703 3297 899 3377 ἑκατέρωθεν
932 3297 1112 3376 διεξόδουε,
1145 3297 1194 3360 καλ

66 3399 154 3485 ταύτῃ
174 3405 325 3484 διαφέρει.
369 3407 389 3486 ἢ
411 3407 499 3486 παρὰ
520 3408 559 3472 τὸ
580 3406 651 3484 ἄγω
672 3408 711 3472 τὸ
733 3407 927 3487 πορεύομαι,
950 3407 1021 3472 οἷον

226 3556 384 3636 Λαοδίκην
407 3558 564 3636 έεὰγουεα
585 3561 752 3638 θυγατρῶν
775 3557 861 3624 citor
884 3557 1021 3640 ἀρίετην.

67 3702 184 3770 οὓτω(
212 3709 358 3790 Ὠρίων.
412 3709 452 3774 In
485 3709 535 3774 his
568 3709 709 3794 Sturzio,
747 3710 830 3796 quod
867 3709 944 3774 alibi
977 3731 1072 3793 saepe
1109 3709 1192 3794 aliis,

67 3808 162 3878 fraudi
181 3816 258 3902 fuit,
287 3817 370 3902 quod
393 3819 581 3904 coniuncta,
612 3843 693 3905 quae
720 3820 788 3904 ipse
816 3820 1045 3906 grammaticus
1073 3821 1093 3902 ἤ
1122 3843 1193 3904 par·

67 3919 162 3988 ticulis
183 3927 403 4014 disiunxisset,
433 3929 474 3994 ad
501 3953 600 3996 unum
622 3931 746 3994 rettulit
768 3929 936 4014 Orionem,
966 3932 1054 3996 errius
1075 3951 1193 3996 nomen

68 4029 104 4092 od
123 4034 263 4102 ultimam
284 4041 412 4104 tautum
435 4044 560 4125 partem
588 4063 607 4106 a
637 4043 724 4124 παρὰ
750 4043 788 4106 τὸ
811 4041 880 4120 ἄγω
909 4041 1014 4106 verbis
1036 4040 1192 4125 pertinet:

69 4143 113 4222 ul,
138 4146 198 4211 nisi
224 4149 307 4214 forte
329 4169 438 4214 versus
461 4149 665 4235 Homericus,
694 4151 777 4219 nihil
805 4151 840 4218 in
862 4151 992 4218 Orionis
1016 4151 1118 4216 lexico
1141 4171 1193 4216 ex-

69 4249 179 4320 ciderit.
216 4257 305 4333 Quod
327 4259 454 4344 quidem
475 4261 521 4325 ita
545 4283 628 4345 esse,
652 4262 833 4327 firmissimo
852 4268 1041 4348 argumento
1064 4263 1192 4328 demon-

69 4361 154 4429 strari
179 4368 305 4434 aliunde
332 4373 448 4454 potest.
493 4371 544 4438 Ex
572 4371 617 4436 cis
644 4372 745 4458 enim,
779 4395 860 4459 quae
889 4373 1128 4460 Prolegomenis
1157 4374 1192 4438 in
