3052 5136
297 297 359 360 rto
689 312 848 360 scannia
872 311 1043 359 sarriens.

295 466 420 529 ratione
444 466 589 548 eogitari.
636 465 714 547 Adi,
739 466 766 528 si
789 465 873 528 tanti
896 466 948 546 sit,
973 464 1175 529 Siebelisium
1197 463 1238 528 ad
1259 463 1327 528 libri
1344 462 1407 528 Vlll

297 597 366 660 cap.
392 576 410 639 8
434 579 513 638 extr.

765 749 964 757 —---——·

382 915 469 989 Quod
487 915 612 998 saepius
628 937 686 977 usu
701 914 841 978 venitin
857 913 967 978 critica
983 917 1052 978 arte
1067 914 1263 994 factitando,
1286 919 1329 996 ut,
1350 937 1413 997 quae

299 1029 441 1089 veterum
474 1025 663 1108 scriptorum
695 1025 782 1087 dicta
814 1024 891 1088 satis
920 1028 1031 1107 aptum
1058 1024 1200 1088 habeant
1230 1025 1413 1108 explicatum,

298 1136 408 1199 eadem
430 1140 540 1200 tamen
556 1135 589 1198 in
607 1135 696 1198 libris
717 1157 792 1198 mss
810 1135 958 1218 graviore
982 1157 1053 1198 cum
1075 1135 1293 1219 discrepantia
1314 1135 1413 1218 scripta

298 1246 509 1329 reperiantur,
537 1266 632 1327 quam
655 1267 735 1329 cquae
757 1245 936 1308 litterarum
960 1249 1085 1308 tautum
1107 1246 1339 1329 permutatione
1358 1249 1413 1307 orta

298 1356 357 1437 sit,
393 1355 459 1418 eius
492 1355 538 1418 rei
572 1354 700 1438 insigne
730 1355 910 1439 exemplum
940 1359 1065 1419 exstare
1094 1356 1226 1420 memini
1253 1355 1333 1438 apud
1359 1355 1414 1417 Ae-

299 1465 476 1549 schylum
504 1465 539 1527 in
562 1463 718 1547 Septem
741 1466 788 1528 ad
811 1465 965 1530 Thebas
988 1489 1017 1529 v.
1044 1465 1126 1530 1000
1149 1464 1210 1553 [ed.
1235 1466 1344 1547 well,
1367 1464 1414 1527 993

299 1575 435 1663 Herml.
474 1574 538 1640 Vbi
555 1597 625 1638 eum
640 1575 675 1639 in
690 1576 849 1660 plerisque
872 1577 963 1640 libris
985 1581 1017 1639 et
1039 1577 1282 1660 manuscriptis
1304 1578 1333 1639 et
1346 1573 1414 1657 typis

299 1687 433 1769 proditis
456 1685 502 1750 sie
524 1687 662 1768 positum
685 1685 741 1749 sit:

427 1822 570 1901 εἴργων
593 1823 654 1900 γὰρ
678 1822 811 1901 ἐχθροῦ(
834 1823 974 1889 θάνατον
1002 1822 1099 1889 εἵλετ’
1122 1824 1157 1889 ἐν
1180 1824 1290 1904 πόλει,

301 1957 360 2018 etsi
388 1955 469 2019 nihil
497 1955 678 2018 laboramus
706 1957 739 2020 in
773 1957 949 2039 sententia,
979 1979 1036 2040 per
1064 1961 1174 2020 tamen
1203 1957 1316 2021 mirum
1342 1955 1416 2019 nobis

300 2066 378 2129 illud
402 2065 535 2146 accidit,
560 2065 641 2148 quod
665 2067 699 2128 in
722 2068 793 2129 octo
817 2066 994 2147 codicibus,
1024 2068 1212 2150 quibuscum
1236 2065 1417 2132 consentiunt

251 2185 280 2232 11
301 2175 413 2258 Aldus,
437 2174 613 2256 Turnebus,
638 2174 854 2259 Victorius*),
878 2198 935 2258 pro
957 2177 1075 2257 εἴργων
1098 2177 1217 2261 legitur
1241 2182 1372 2256 ετυγῶν,
1393 2171 1416 2234 id

301 2286 383 2369 quod
406 2285 616 2349 inconsultius
638 2286 809 2368 probatum
831 2286 866 2349 in
889 2287 1055 2350 verborum
1085 2288 1332 2370 perpetuitatem
1351 2305 1418 2347 reee-

301 2397 350 2480 pit
365 2395 556 2477 BrunekiuS,
581 2418 647 2458 uon
672 2396 819 2480 cogitans
838 2396 891 2459 ille
907 2396 945 2460 de
967 2397 1148 2460 sententiae
1171 2397 1323 2460 exilitate.
1352 2393 1419 2457 Nam

301 2509 429 2570 tantsun
458 2504 584 2588 quidem
607 2527 717 2568 verum
745 2528 813 2569 esse
837 2510 987 2590 apparet,
1018 2507 1180 2571 Eteoclem
1209 2506 1350 2590 profecto
1369 2524 1420 2566 nou

302 2618 487 2700 propterea,
512 2614 595 2697 quod
611 2615 695 2678 odit
717 2615 840 2698 hostes,
865 2613 914 2678 vel
928 2621 1064 2680 mortem
1080 2616 1196 2680 obiisse
1216 2618 1268 2679 vel
1284 2619 1419 2679 mortuuu

302 2726 484 2809 sepulturae
506 2724 626 2788 honore
649 2725 783 2808 dignum
806 2726 996 2808 existimari,
1027 2727 1082 2789 sed
1104 2723 1187 2809 quod
1210 2726 1335 2790 fortiter
1359 2744 1420 2806 pug-

303 2836 409 2899 nando
432 2835 571 2898 hostium
593 2836 658 2899 viru
681 2836 722 2899 ab
742 2837 819 2900 urbe
841 2837 1048 2920 propulsavit.
1079 2837 1181 2911 Quam
1196 2835 1238 2900 ob
1253 2858 1319 2899 rem
1333 2855 1420 2896 reeen-

302 2947 399 3010 tiores
423 2946 574 3027 editurae,
599 2946 682 3029 quod
704 2950 736 3009 et
751 2970 769 3009 a
785 2948 955 3010 memoriae
978 2946 1039 3010 fide
1063 2946 1289 3029 praestabilius
1311 2947 1383 3008 esset
1396 2948 1419 3002 et

303 3057 482 3120 sententiae
509 3056 654 3120 bonitate
676 3056 966 3138 commendaretur,
993 3057 1110 3136 εἴργων
1132 3056 1287 3139 seriptum
1312 3053 1349 3116 ab
1372 3053 1418 3114 Ae

303 3167 412 3250 selrylo
428 3189 496 3230 esse
513 3170 713 3248 censuerunt,
736 3167 769 3231 id
792 3166 874 3250 quod
897 3187 981 3250 nego
997 3165 1151 3248 equidem.
1184 3165 1419 3230 Consentaneum

305 3281 353 3340 est
368 3277 453 3341 enirn
468 3279 640 3363 pristinum
662 3277 821 3342 scribendi
844 3299 945 3360 genus
968 3276 1041 3340 huie
1063 3277 1168 3339 versui
1191 3276 1238 3340 sic
1260 3275 1420 3338 restituere:

431 3433 580 3509 ετέγων
602 3433 663 3511 γὰρ
687 3431 820 3510 ἑχθροὺε
842 3430 982 3494 θάνατον
1005 3429 1102 3494 εἵλετ’
1124 3429 1159 3494 ἐν
1182 3427 1343 3510 soteres

305 3607 366 3666 quo
389 3584 542 3646 vocabulo
564 3583 740 3646 identidem
762 3604 836 3645 usus
859 3586 908 3645 est
926 3581 1115 3664 AeschyluS,
1139 3583 1175 3644 ut
1198 3580 1292 3644 huius
1313 3575 1418 3642 tabulae

305 3717 334 3757 v.
362 3693 430 3757 198.
456 3693 527 3756 799.
552 3694 614 3756 216
639 3692 723 3778 [100.
749 3692 819 3756 778.
844 3691 930 3780 21η.
977 3691 1096 3766 Quibus
1119 3691 1154 3755 in
1176 3691 1278 3755 tribus
1300 3686 1417 3752 versibus

373 3966 397 4030 ⁹⁸)
418 3963 512 4032 [Nihili
530 3963 558 4016 hi
576 3962 640 4016 libri
654 3981 748 4017 omncs
768 3965 869 4030 essent,
889 3963 942 4016 nisi
959 3980 1032 4016 nunc
1050 3961 1182 4016 sciremus
1200 3961 1228 4014 in
1247 3961 1305 4030 ipso
1316 3955 1415 4010 lledien

307 4058 399 4110 codiee
419 4077 478 4110 esse
498 4063 621 4122 ετυγών,
642 4058 858 4126 superscriptum
876 4059 971 4110 autem
989 4074 1024 4109 nr.
1046 4073 1097 4109 sec.
1119 4057 1222 4121 εἵργων
1241 4049 1375 4120 δηλονότι]

373 4152 413 4217 *⁷0
434 4151 599 4218 {tleeupnsse
618 4151 690 4203 haue
709 4149 932 4204 emendationem
945 4149 1158 4203 Wakefieldium
1173 4147 1237 4200 Silv.
1257 4146 1310 4199 erit.
1331 4143 1370 4208 lp.
1382 4143 1410 4190 98.

211 4253 214 4260 “
305 4244 333 4294 in
352 4244 523 4309 curulemque
545 4244 684 4297 Dobreuur
708 4243 836 4296 incidisse
855 4243 1000 4296 Adversa-r.
1022 4243 1047 4294 ll
1066 4260 1092 4310 p.
1115 4248 1145 4294 19
1167 4242 1329 4294 Hermauuus
1346 4232 1408 4284 aulne-

306 4336 396 4402 tavit]
